2992 4984
201 413 253 478 tu
276 411 499 479 SATIRAM
522 409 763 476 DECIMAM
786 410 1037 496 QUARTAM.
1090 413 1154 481 33³

100 523 148 576 buti
158 537 280 578 consuete
288 525 349 578 vite
357 524 463 596 negotia
474 543 612 596 peragere.
624 522 678 578 Sed
687 537 799 596 propter
810 525 888 579 simil.
898 527 950 582 loc.
960 528 1033 582 Pers.
1042 527 1077 596 Y,
1090 527 1155 592 184:

236 634 309 681 labra
320 649 399 680 mures
409 636 490 680 tacitus
499 634 641 695 recutitaque
649 641 655 666 ¹
668 633 763 680 abbate
772 635 855 696 peiles,

99 731 206 804 suspicor
214 733 320 803 potine,
334 744 441 804 poetam
454 731 600 804 respexisse
607 731 646 785 ud
658 732 793 786 tristitiem
804 747 830 789 et
838 735 954 807 jejunis,
964 755 1024 808 que
1035 736 1154 791 sabbatis

98 813 211 868 aludeis
219 815 335 868 exerceri
345 817 477 887 putabunt
487 815 610 869 Rotnani.
628 815 708 868 Coni.
720 816 834 871 Cnscub.
850 817 884 870 ad
897 820 969 874 Pers.
982 820 1000 871 l.
1013 821 1031 872 l.
1044 820 1155 891 quieri-

98 899 221 962 stinrebat,
229 897 283 950 boc
290 899 391 952 nonita
400 917 455 951 esse
465 896 679 970 intelligendum,
689 900 765 970 quusi
775 901 866 953 omnia
875 903 890 953 J
893 899 1032 954 udaeorum
1041 903 1156 956 sabbeta

98 980 142 1035 tint
151 981 247 1046 tristia,
260 980 308 1034 scd
320 991 425 1035 tuntum
438 981 692 1054 superstitiosorum.
707 983 823 1035 Romani
840 995 929 1036 tamen
946 981 1015 1038 illud
1030 984 1083 1037 ribi
1095 1003 1156 1057 per·

98 1067 198 1120 suasisse
216 1065 360 1128 videntum
378 1064 434 1121 rid.
450 1067 522 1120 Suet.
541 1067 610 1136 Aug.
629 1068 673 1136 76.
697 1065 803 1120 Petrcn.
822 1065 938 1134 XXXV,
960 1071 996 1134 6,
1014 1081 1041 1121 et
1058 1069 1158 1124 Jurtiu.

98 1149 218 1210 XXXVI,
233 1168 257 1202 ι.
269 1151 309 1202 An
321 1151 426 1202 subbata
436 1148 566 1202 dicuntur
576 1148 632 1205 dies
645 1147 707 1204 festi
717 1161 749 1202 'et
759 1149 832 1204 ferie
845 1150 972 1204 esur-iales
983 1148 1160 1206 iudeorum?

98 1231 166 1286 eant.
180 1231 214 1285 td
223 1233 281 1296 vt,
296 1231 355 1300 159.

125 1377 184 1426 Vn.
202 1393 244 1442 97.
263 1378 325 1428 Cseii
339 1379 419 1428 tener
428 1379 482 1442 eiii,
494 1379 578 1430 neseio
587 1379 645 1445 qui,
658 1380 748 1446 probb.
760 1381 866 1430 Csutern
876 1378 1085 1446 Nov.Lectt.1V,
1097 1400 1112 1433 α
1127 1401 1156 1433 ac

98 1463 119 1522 5,
129 1474 150 1511 et
157 1463 242 1529 scalig.
250 1464 281 1512 td
290 1465 375 1524 Cirin,
388 1466 432 1514 sed
441 1466 528 1530 refrsg.
543 1465 609 1530 lips.
621 1463 653 1513 ed
662 1467 719 1513 Tac.
729 1465 793 1514 ttiu.
806 1467 837 1526 V,
849 1465 873 1514 5.

125 1547 186 1614 Nbr.
196 1579 237 1630 97.
258 1563 353 1627 Quum
363 1561 451 1616 Judoei
463 1562 513 1614 sub
525 1561 589 1614 caelo
602 1563 613 1630 (
618 1561 662 1615 rel
672 1560 762 1634 potius
776 1562 826 1616 cub
838 1559 900 1627 dio;
915 1579 978 1616 utun
989 1563 1091 1636 templo
1102 1581 1158 1618 non

96 1645 267 1709 erttculrnen3
283 1645 387 1714 Μὴ),
402 1659 430 1698 et
439 1643 509 1699 illud
518 1645 693 1717 suspicientes
699 1657 885 1718 precarentur,
893 1647 1008 1700 Romani
1015 1649 1158 1720 putabant,

97 1727 174 1798 ipsum
185 1729 217 1782 sb
231 1729 265 1782 iis
273 1733 362 1783 calum
377 1733 497 1782 adorari:
509 1727 582 1784 uude
593 1729 737 1783 Petronius
748 1731 844 1795 etiam,
860 1748 922 1802 png.
937 1731 999 1798 683,
1010 1730 1053 1784 ed.
1067 1733 1159 1786 burm,

98 1831 140 1882 per
146 1814 231 1883 jocum
242 1811 327 1880 dixit,
346 1814 407 1866 illos
417 1817 472 1866 coeu·
482 1833 589 1866 summas
602 1817 723 1865 advocare
739 1815 877 1874 auriculas,
894 1825 922 1866 et
933 1814 1000 1866 Tac.
1012 1813 1082 1867 niu.
1097 1815 1133 1880 V,
1144 1812 1160 1866 5

98 1895 210 1964 (ubirid.
219 1898 315 1970 Lips.)
326 1900 362 1951 ι]
364 1894 433 1952 ndei
441 1909 528 1952 mente
535 1899 592 1952 solu
600 1917 720 1966 urtumque
728 1916 817 1948 nusum
828 1896 1012 1967 intelligunt...
1026 1916 1161 1951 summum

98 1977 155 2032 illud
165 1993 188 2034 et
197 1994 341 2046 eternum,
352 1999 439 2056 neque
450 1982 595 2045 mutabile,
605 1999 692 2052 neque
702 1981 888 2035 interiturum:
901 1981 984 2051 igitur
993 1981 1068 2034 nulla
1078 1983 1162 2036 simu·

99 2063 160 2116 isera
172 2065 282 2118 urbibus
293 2066 361 2130 suis,
372 2066 472 2120 nedum
480 2066 586 2139 templis
598 2077 672 2127 sumt
683 2063 758 2119 uid.
769 2063 804 2118 sd
815 2065 869 2130 Vl,
882 2065 941 2132 545.
953 2089 964 2111 ι
975 2065 1059 2118 Poeta
1070 2064 1162 2120 forsan

99 2148 181 2204 alludit
194 2150 229 2205 ed
245 2171 291 2216 ea,
307 2169 366 2224 quse
383 2149 471 2206 Exod.
486 2151 574 2215 XIII,
593 2169 642 2216 rr,
658 2150 785 2221 leguntur
796 2147 830 2202 de
841 2149 968 2202 columna
978 2152 1068 2202 uubis:
1083 2149 1162 2203 simili

99 2253 152 2286 reru
165 2236 265 2289 reticue
278 2237 418 2289 Socratem
433 2235 505 2288 velut
516 2235 601 2289 nubes
611 2233 770 2290 adorantem
779 2233 922 2305 sugillabat
932 2234 1138 2306 Aristophanes,
1149 2261 1160 2282 ι

98 2317 153 2368 ich.
162 2348 192 2358 -
201 2322 261 2370 cati
269 2337 378 2384 numen,
389 2319 494 2382 celum,
505 2330 643 2392 tamquam
653 2337 762 2372 numen.
771 2317 849 2371 Coui.
861 2319 926 2370 Ver.
936 2320 1009 2372 Lect.
1019 2321 1099 2373 -De
1107 2319 1162 2372 hoc

99 2413 172 2468 poete
185 2401 253 2468 loeo,
269 2404 382 2474 ejusque
402 2413 459 2455 tum
476 2401 604 2466 lectione,
626 2414 683 2454 turn
696 2399 917 2472 interpretatione
938 2418 1022 2471 quum
1038 2401 1163 2472 frequens

101 2481 158 2532 clim
168 2483 239 2538 inerit
252 2483 400 2538 doctorum
409 2483 530 2536 virorum
541 2496 649 2538 senatus
659 2523 668 2550 ,
685 2483 801 2536 miratur
810 2482 927 2534 Cramer.
936 2499 999 2535 eum
1009 2493 1064 2536 tum
1072 2483 1162 2555 jejune

99 2567 194 2621 trecttci
204 2568 382 2622 anoriseimis
392 2568 595 2622 enarratoribus
606 2585 613 2622 ε
624 2569 670 2640 qui
682 2567 761 2639 plura
772 2567 846 2634 velit,
856 2565 903 2620 ille
914 2565 994 2620 adest
1003 2569 1080 2632 zom‘,
1089 2566 1160 2622 Dies.

99 2649 239 2704 interculta
250 2654 373 2718 d‘Opuse.
387 2654 515 2723 seieutfiei
522 2689 531 2712 ,
544 2664 609 2705 torn.
623 2651 835 2722 111,pag.³9o;
848 2651 979 2724 Anonyrn.
990 2651 1018 2705 in
1032 2655 1162 2704 Nouveiies

100 2736 127 2785 de
137 2738 160 2786 ia
170 2739 268 2806 dipubi.
283 2739 328 2786 des
339 2737 431 2797 teum,
443 2753 505 2805 pag.
516 2733 567 2788 833
576 2755 584 2800 ;
594 2733 678 2786 elium
687 2734 714 2784 in
727 2735 827 2787 Dissert.
838 2734 927 2786 milies
936 2754 980 2786 sur
989 2737 1068 2786 divers
1078 2737 1162 2804 sujcts,

101 2819 220 2886 tortili,
238 2839 266 2892 p.
285 2831 352 2889 1¹79,
369 2830 396 2871 et
407 2817 517 2871 tertium
533 2817 563 2870 iu
579 2819 619 2868 tite
633 2817 754 2869 Classical
763 2821 884 2882 Journal,
900 2817 953 2893 rol.
966 2819 1078 2890 X,peg.
1096 2835 1160 2890 107,

102 2900 201 2974 denique
211 2906 335 2976 Inter-pp.
347 2899 383 2954 ad
397 2903 504 2957 Peteon.
517 2913 581 2954 tom.
592 2901 619 2966 1,
628 2918 691 2972 pag.
700 2901 753 2952 880
762 2940 771 2966 ,
781 2918 840 2972 sqq.
851 2898 895 2953 ed.
904 2901 996 2954 Burm.
1007 2903 1060 2954 En.

130 2999 192 3050 Nur.
211 2998 264 3068 98,
281 3016 325 3067 99.
344 2997 427 3049 Poeta
441 2995 508 3048 saise
519 2992 598 3060 dicit,
613 2995 629 3047 J
633 2990 734 3058 udaeos,
749 3014 826 3047 carne
840 2996 913 3045 suilla
924 2997 1087 3059 abstinentes,
1102 3015 1161 3050 enm

102 3097 147 3132 nou
155 3082 236 3153 magis
246 3079 405 3137 violandam
417 3079 564 3143 censuisse,
574 3096 656 3149 quem
666 3079 825 3143 humanum,
838 3095 887 3130 uec
896 3076 1006 3130 minoris
1019 3078 1162 3132 ustimusse

101 3183 164 3230 sues,
178 3185 257 3238 quum
267 3165 401 3218 homiues.
412 3163 526 3217 Crustas
539 3162 621 3234 hujus
637 3161 704 3214 ritus
722 3159 840 3213 aiierunt
858 3161 945 3213 Tacit.
957 3160 1027 3215 Hist.
1038 3163 1075 3230 V,
1092 3169 1122 3228 4,
1134 3173 1162 3218 et

103 3247 210 3302 meliores
223 3247 368 3302 Michaelis
377 3249 436 3300 Jur.
449 3247 519 3300 Mos.
532 3247 546 3314 s
558 3241 910 3318 ²03.Cnni.suprtedV1,
924 3244 983 3314 159.

131 3408 192 3457 Vn.
209 3425 252 3473 99.
274 3407 422 3472 cumpater,
440 3406 479 3454 1³.
491 3404 563 3471 Quod
564 3415 646 3470 pater,
661 3404 700 3452 18.

132 3502 194 3557 Nur.
213 3520 255 3572 99.
276 3503 401 3572 Proepsuia
409 3512 507 3566 poam
515 3517 524 3548 .·
532 3515 595 3551 nant
604 3523 615 3542 ι
627 3494 819 3552 circumcidere
830 3496 957 3568 genitalia
967 3495 1120 3562 instituere,
1130 3507 1160 3550 ut

103 3581 241 3641 dirersitste
253 3597 409 3650 noscantur,
417 3609 428 3630 ι
440 3584 506 3636 Tnc.
518 3581 588 3635 Hist.
594 3581 630 3645 V,
642 3580 667 3633 5.

135 3683 194 3738 Ner.
215 3703 265 3738 too
283 3703 337 3756 seq.
351 3683 417 3736 Tac.
432 3679 500 3734 nist.
514 3680 551 3744 V,
564 3685 593 3741 4,
605 3696 645 3749 pr.
657 3677 780 3741 «Moses,
793 3675 893 3747 inquit,
904 3693 960 3747 quc
971 3673 1022 3726 sibi
1034 3674 1061 3727 in
1070 3686 1159 3746 poste·

104 3782 154 3818 ruur
163 3782 261 3838 gentem
274 3769 408 3831 firmaret,
420 3783 504 3821 noros
515 3763 582 3816 ritus
595 3761 798 3831 contrariosque
811 3760 908 3812 ceteris
918 3757 1077 3813 mortrlihus
1088 3756 1159 3810 indi-

106 3846 139 3901 dit
150 3868 155 3901 :
165 3852 275 3924 profanu
290 3851 347 3904 ittic
363 3849 470 3914 omnis,
483 3865 542 3920 qute
561 3843 635 3919 apud
652 3863 701 3898 nos
718 3863 807 3910 sacru,
826 3862 933 3897 rursum
946 3859 1071 3896 concessa
1086 3839 1160 3914 apud

105 3929 170 4000 iilos,
184 3953 241 4008 qun
255 3935 334 3988 uobis
346 3934 457 3988 incestu.
469 3956 481 3978 ι
492 3931 527 3984 Et
541 3949 600 4002 cup.
610 3930 625 3984 5
635 3948 643 3986 :
655 3954 667 3976 ι
679 3931 736 3984 Nec
750 3926 899 4004 quidquem
907 3928 982 4002 prius
991 3926 1158 3992 imbuuntur,

511 4089 693 4110 mmm
697 4089 741 4107 Μ

138 4220 147 4246 ¹
163 4208 318 4281 Ciumrncisa,
331 4217 357 4268 id
369 4229 405 4267 cst
412 4255 419 4280 ,
428 4235 441 4266 a
451 4215 603 4267 circumcisis
614 4213 743 4268 celeuma.
