3036 4984
339 426 392 490 IN
415 429 639 496 SATIRAM
663 376 913 497 DECtMiM.
1116 453 1154 516 9¹

104 529 182 583 scierit
192 552 221 586 sc
234 554 251 588 ιι
265 536 345 590 nobis
356 539 437 592 inisse
455 555 668 614 contemptum.»
686 548 753 596 Male
765 548 879 615 defensus
892 547 944 600 sibi
957 546 1040 600 videti
1054 557 1159 618 poterat

103 613 232 682 Tiberius,
244 639 330 692 quum
338 623 440 676 nelarie
455 624 626 680 meditantem
636 629 775 700 Seianum,
785 631 841 701 ipse
850 643 1014 694 accusasset,
1027 649 1081 684 non
1096 647 1158 683 vero

100 697 220 767 Senatus,
238 705 286 774 qui
304 719 391 760 tumen
408 709 537 781 principis
553 711 633 764 saluti
646 711 786 782 invigilare
801 712 927 767 debebat.
946 715 998 767 En.

129 843 193 891 Vn.
213 847 257 897 85.
279 849 364 915 Utpto
375 862 450 909 etat.

128 939 219 990 Asis.
233 940 347 995 85-88.
358 945 583 1016 Praeclaraimago
591 945 675 1016 plebis
683 946 794 1010 servilis,
806 967 864 1018 que
872 949 993 1020 sequitur
1002 949 1160 1010 Fortunam,

98 1029 121 1070 et
132 1032 287 1092 temporum
300 1025 421 1092 illorum,
438 1031 536 1102 quibus
555 1030 622 1084 servi
638 1031 719 1086 etiam
729 1031 864 1086 delatores
875 1033 1045 1088 dominorum
1058 1045 1143 1086 crant.

130 1119 197 1172 Noe.
220 1121 263 1174 86.
284 1130 348 1175 Dum
355 1128 426 1190 jacet
438 1129 462 1176 in
477 1131 531 1196 ripa
540 1127 658 1190 Tiberis,
673 1141 816 1199 antequam
830 1130 858 1181 in
872 1129 984 1184 fluvium
994 1129 1160 1201 projiciatur,

100 1199 136 1252 Cf.
153 1201 188 1253 sd
209 1223 249 1255 vs.
269 1209 314 1258 66.
325 1236 359 1246 -
371 1211 472 1260 Coesan's
485 1211 586 1270 bostem,
603 1209 728 1280 sejanum
748 1211 884 1273 occisum,
897 1215 1019 1264 calemus
1033 1210 1162 1283 psdibns;

99 1283 165 1353 qnod
178 1301 363 1360 contemptus,
375 1289 431 1343 odii
443 1305 469 1344 et
481 1292 663 1345 insultationis
671 1294 775 1364 signnm
785 1306 835 1356 cst,
847 1306 878 1345 ut
886 1292 931 1356 λὰξ
941 1296 964 1346 ἰν
973 1295 1065 1349 στήθεσι
1076 1293 1163 1357 βαίνων
1178 1288 1179 1296 ’

100 1385 137 1438 ap.
147 1368 262 1423 llomcr.
275 1372 308 1424 lt.
323 1395 344 1435 ν,
356 1376 420 1438 618;
432 1377 543 1444 ἐχθροῖσιν
557 1375 689 1446 incubitant
699 1375 773 1440 nodi,
785 1379 828 1430 vel
839 1378 931 1430 θανόντι
941 1376 1106 1449 προσιμὸῆνιιι
1119 1395 1162 1450 ap.

99 1449 223 1520 Sophocl.
238 1452 267 1504 in
282 1456 388 1508 Electra
400 1469 426 1508 ct
441 1459 535 1530 Ajace3
548 1457 620 1512 unde
631 1463 715 1512 nassis
728 1479 778 1531 pro
791 1464 975 1531 mrnqqovtim

129 1549 200 1602 Nor.
220 1550 265 1618 87.
284 1555 335 1604 Scsl
343 1557 451 1606 videant
462 1560 525 1608 servi
534 1558 631 1620 nostri,
643 1577 673 1608 ne
685 1560 739 1624 quis
752 1575 844 1610 cneum
855 1573 938 1622 neget,-
951 1575 999 1610 nos
1011 1555 1040 1608 id
1056 1556 1163 1618 fecisse,

101 1643 124 1682 et
135 1651 186 1684 nos
201 1648 325 1698 accuset,
342 1637 384 1690 vel
397 1635 500 1692 deierat
514 1651 640 1710 tanquam
655 1640 744 1712 Sejani
758 1640 866 1694 amicos.
881 1633 952 1711 lipsii
962 1639 1010 1714 γὰρ
1024 1640 1093 1709 μόνον
1106 1639 1165 1710 πρὸς

102 1717 249 1787 escuncias
262 1723 322 1778 τινὸς
336 1721 362 1772 τὸ
376 1728 418 1773 τοῦ
431 1729 526 1776 Σιιιινιῦ
542 1723 643 1791 φίλωνῆ
659 1724 795 1795 γινίσθαιῆ
810 1719 891 1787 δόξαι,
908 1723 1059 1796 xiphilin
1073 1722 1164 1776 Tiber.

101 1799 233 1854 ‹necoeta
248 1806 452 1860 accusatoribus
466 1807 600 1878 precipua
613 1807 733 1878 prumia,
745 1825 937 1879 nonnunquam
949 1819 975 1860 et
983 1807 1109 1860 testibus:
1120 1825 1166 1859 nc·
1201 1869 1204 1884 Ι

98 1884 158 1936 mini
170 1884 327 1942 delatorum
337 1889 403 1944 fides
410 1893 539 1964 abrogata
549 1911 556 1944 ι
565 1911 644 1946 omns
653 1892 752 1953 crimen
759 1909 809 1962 pso
816 1892 925 1963 capitali
931 1903 1076 1963 receptum,
1085 1889 1165 1942 etiam

101 1985 247 2038 paucorum
259 1974 476 2047 simpliciumque
489 1977 661 2041 verborum·
675 1977 746 2030 Suet
759 1974 821 2027 Tib.
835 1979 878 2028 61.
888 1976 1031 2030 semorum
1041 1971 1166 2026 adversus

102 2048 223 2104 dominos
233 2054 416 2110 testimonium
426 2059 474 2112 etsi
484 2077 538 2112 non
549 2059 629 2122 alias,
639 2071 727 2112 tumen
737 2056 765 2113 in
775 2057 886 2110 crimine
896 2057 1041 2127 majestatis
1052 2054 1166 2108 valebat.

106 2133 175 2186 Vide
186 2135 250 2189 Tac.
266 2140 336 2191 Anu.
347 2140 389 2204 11,
403 2141 448 2204 28,
462 2158 501 2211 ps.
517 2141 568 2210 leg.
573 2143 670 2207 famosi
679 2144 711 2193 Ι).
727 2140 763 2195 ad
777 2144 806 2194 1,
819 2142 875 2194 Jul.
888 2143 992 2210 majest.
1005 2151 1031 2192 ct
1043 2139 1090 2192 lib.
1103 2141 1128 2202 6,
1141 2157 1165 2208 7.

104 2220 151 2267 Vix
163 2221 234 2269 cenis
249 2221 284 2272 D.
304 2219 338 2274 de
351 2219 469 2294 judiciis.
483 2223 556 2276 Olim
568 2224 665 2286 servis,
679 2225 729 2295 qui
739 2222 892 2287 dominnm,
905 2242 946 2276 res
959 2239 1044 2275 novas
1055 2220 1167 2274 molien-

101 2311 161 2366 tem,
187 2299 361 2368 detulissent,
382 2304 490 2358 libertas
511 2307 613 2378 praemii
630 2308 691 2359 loco
708 2306 834 2360 dabatur.
850 2303 891 2356 Ad
908 2304 979 2357 hunc
997 2321 1060 2356 vero
1076 2321 1168 2356 conse·

99 2383 234 2454 quendam
249 2387 368 2440 criminis
383 2407 490 2460 quoquc
506 2389 632 2442 confictio
648 2389 798 2444 sufficiebat
815 2400 942 2458 regnante
959 2386 1070 2441 Tiberio
1081 2386 1167 2438 aliove

99 2477 230 2536 manno,
244 2488 269 2518 v.
283 2489 307 2520 c.
320 2471 487 2532 Domitiano,
505 2471 576 2526 unde
590 2472 677 2524 Nerva
692 2471 779 2526 edicto
792 2490 881 2524 servos
892 2470 991 2522 ciintcn
1003 2469 1031 2522 in
1045 2467 1167 2522 dominos

96 2547 198 2604 deterre
216 2553 316 2616 vetnit,
328 2552 427 2628 dequo
442 2553 495 2608 vid.
508 2555 574 2619 Dio,
586 2554 721 2620 LXVIII,
732 2574 794 2626 pag.
805 2558 873 2625 769,
893 2565 919 2606 et
927 2553 1008 2606 Bacb.
1021 2553 1170 2624 Traianus,

97 2650 152 2704 tus·
166 2635 206 2704 7³
224 2654 282 2706 sea·

129 2781 200 2828 Vn.
220 2781 264 2828 88.
284 2780 406 2840 Astticta,
423 2797 468 2843 ιο,
483 2781 910 2842 14-24,27,46-50,54—56,
925 2779 1043 2843 59-65,
1057 2781 1105 2841 68,
1118 2781 1169 2842 69,

104 2872 217 2924 71-74·

134 2955 209 3008 Non.
224 2956 269 3007 88.
283 2957 384 3009 Notum
394 2968 446 3020 est,
458 2956 502 3022 iis,
512 2957 558 3029 qui
568 2956 595 3010 in
603 2960 646 3030 jus
656 2958 742 3010 vocati
752 2977 804 3010 non
814 2958 897 3022 irent,
906 2975 1000 3010 manus
1009 2957 1172 3028 laqueosque

104 3037 192 3111 injici,
210 3057 312 3112 cosque
331 3041 374 3106 vi,
389 3043 518 3101 obstricta,
532 3041 674 3096 constricta
686 3041 800 3114 laqueis,
815 3043 905 3092 cervice
918 3060 964 3093 seu
981 3040 1053 3092 collo
1063 3041 1171 3092 obtorto

106 3121 181 3188 injus
197 3123 272 3182 trabi,
285 3123 328 3175 vel
339 3124 398 3194 rapi
413 3122 539 3196 potuisse.

525 3271 660 3292 mm
664 3271 754 3292 mum

107 3402 178 3444 nico,
190 3403 220 3433 nc
230 3385 359 3434 Bmtidins
370 3385 458 3448 aliique
471 3386 546 3444 cives,
557 3383 620 3432 victi
664 3397 788 3448 postremo
801 3393 885 3448 pectus
894 3382 941 3432 sibi
951 3382 1033 3446 gladio
1044 3379 1175 3434 transfixit,

5 3521 6 3528 ἵ
106 3466 291 3513 sdehtnribus
313 3465 450 3526 injudicio
464 3466 502 3512 vel
515 3465 621 3512 damnati
665 3465 703 3512 Sic
717 3480 767 3512 nou
776 3463 1051 3510 beuehaecserbacnm
1063 3461 1174 3521 iis,qnae

106 3561 134 3592 sc
145 3545 213 3592 male
223 3543 324 3610 defemi
331 3579 339 3602 ,
355 3555 457 3608 propter
469 3545 621 3608 iniquitatem
665 3553 807 3608 sequnntur,
822 3541 957 3600 cobaerent;
970 3550 994 3588 ct
1007 3554 1079 3604 qnam
1091 3532 1175 3588 dure.

106 3623 234 3684 indicum,
247 3639 351 3686 paenas,
369 3624 400 3670 ab
413 3617 558 3688 imperatore
570 3639 621 3670 ute·
666 3639 696 3670 ne
707 3621 767 3686 qnid
778 3621 874 3686 gravius
885 3620 978 3678 dicam,
998 3627 1055 3666 sunt
1068 3614 1174 3680 explica-

5 3709 6 3724 *
110 3703 227 3762 tuendas,
242 3703 273 3749 dc
289 3719 317 3750 sc
334 3703 382 3766 ipsi
397 3701 510 3772 exigam,
527 3699 564 3749 vel
581 3702 621 3768 (nt
665 3703 745 3749 tiones
753 3699 913 3748 formularum
922 3698 1108 3764 exigercpoettas
1118 3696 1175 3760 (qna

109 3781 269 3842 Phthnerns,
281 3781 345 3829 male
356 3783 455 3829 colles.
469 3783 513 3842 187
527 3792 551 3828 ct
564 3779 622 3842 313,
667 3795 741 3828 nemo
753 3797 811 3828 usus
823 3790 859 3843 cst
872 3779 915 3827 illo
929 3776 1027 3842 sensu),
1041 3786 1064 3824 et
1077 3774 1177 3822 uenale

107 3861 211 3924 aliisque
228 3861 305 3925 locis)
325 3863 473 3920 sustineant,
490 3861 625 3926 perierunt,
668 3859 802 3926 defensus!

108 3939 139 3990 ad
150 3943 243 3988 exitum
255 3953 279 3990 ct
290 3943 403 3990 effectum
416 3954 500 4005 agant,
514 3941 562 3989 hoc
571 3951 623 4000 est,
705 3945 713 3970 ¹
733 3935 808 3986 Verb.
818 3955 893 3987 conss.
905 3935 972 4002 apud
983 3936 1072 3986 Anser.
1084 3933 1175 3991 xcvi,

110 4030 215 4066 mortem
230 4021 278 4068 sihi
293 4021 451 4069 consciscant
465 4019 548 4083 (qnod
561 4020 625 4067 mul·
669 4021 685 4066 6
698 4033 704 4067 :
717 4014 805 4083 Σιφίη,
823 4017 908 4086 τρόπος
924 4015 1051 4074 cursitat,
1068 4023 1093 4061 ct
1109 4011 1173 4078 apud

109 4107 150 4146 tus
168 4097 252 4148 secisse
269 4101 344 4148 tradit
363 4102 430 4148 sust.
451 4099 506 4149 Tib.
526 4117 546 4148 c.
568 4101 624 4167 61),
670 4093 799 4162 Aristopb.
813 4099 895 4162 Equit.
907 4113 942 4146 vs.
954 4097 1004 4161 596
1015 4113 1020 4143 :
1032 4089 1118 4146 Βινλΐιν
1130 4107 1175 4140 παν-

110 4179 226 4244 czcnspln
239 4181 337 4242 Aiacis,
351 4181 395 4244 qui
406 4179 486 4228 νίιιιιι
495 4179 525 4227 sb
537 4180 625 4244 Ulyssc
669 4175 744 4234 ’ττὶσεις
754 4173 796 4226 καὶ
804 4173 948 4247 στρατηγοὺς
958 4170 1102 4228 niceriam.
