2992 4984
214 426 407 492 SATlllAE
429 423 635 492 DECIMAE
659 421 856 508 QUINTAE
878 421 1118 488 Aaantsts.
1141 419 1205 502 367

134 551 162 596 ct
177 540 276 617 ignari
290 541 386 599 adhuc
404 542 571 600 Stoicorum
585 537 793 614 philosophia,
819 536 909 594 vitam
932 537 1084 595 inhonesto
1102 535 1206 602 modo,

131 634 328 690 humanorum
347 635 458 692 scilicet
474 649 632 709 corporum
653 630 789 706 dapibus,
807 628 1008 704 protraxerint
1021 627 1206 706 (93-114);

132 744 193 782 nou
207 727 336 798 Tauros,
354 727 406 802 qui
420 725 552 784 homines
566 735 678 782 tantum
695 721 911 782 immolaverint
923 721 1037 793 Dianae,
1048 739 1110 778 non
1121 719 1208 780 etiam

132 817 317 876 comederint
326 817 352 896 (ι
360 818 451 876 15-1
459 816 506 898 19)
515 840 524 890 ς
534 837 597 876 non
608 817 743 874 Cimbros
753 833 807 872 nec
817 815 986 885 Britannos,
996 826 1048 872 aut
1055 815 1208 873 &moma-

132 923 174 968 tus
190 910 619 990 etdgatbyrsos(119—rnil).
636 911 713 967 Turn
726 918 812 982 poeta
826 907 930 964 acerbe
940 907 1071 981 increpat
1080 901 1208 960 inimici-

132 1005 204 1060 tiam
215 1014 247 1062 et
258 1004 374 1076 odium,
386 1005 466 1081 quod
476 1005 545 1064 ferae
558 1023 620 1062 nou
632 1003 689 1060 nisi
699 1002 731 1058 in
740 1001 837 1076 dispar
850 1018 958 1078 genus,
968 997 1100 1056 homiues
1113 1008 1209 1054 autem

132 1098 161 1152 in
176 1115 210 1155 se
223 1097 304 1172 ipsos
316 1109 431 1174 gerant,
457 1097 596 1174 quodque
613 1111 734 1170 prorsus
755 1093 934 1150 contrarium
950 1091 988 1148 sit
1003 1103 1130 1160 nature,
1145 1107 1208 1165 qua

131 1189 263 1248 humano
278 1189 376 1266 generi
388 1189 555 1248 mollissima
563 1186 680 1245 dederit
691 1183 799 1255 corda,
813 1194 842 1240 et
853 1184 956 1242 ceteris
970 1183 1156 1241 animalibus:

258 1313 366 1360 Tantum
375 1311 473 1359 animes
478 1345 485 1370 ,
495 1309 570 1358 nobis
581 1307 692 1356 animum
703 1319 814 1369 qnoque,
827 1313 927 1350 mutuus
938 1311 965 1350 ut
972 1317 1019 1352 uos

261 1397 371 1446 Allectus
381 1405 465 1460 petere
476 1393 598 1444 auxilium
606 1401 631 1440 et
641 1399 755 1456 prestare
764 1387 868 1448 juberet.

133 1501 354 1580 (wo-ut)

270 1797 506 1884 sartan
540 1795 796 1886 numus
828 1791 1079 1908 Qururn

574 1955 781 2012 ANALYSIS.

174 2143 220 2198 Ex
236 2141 294 2199 hoc
306 2149 479 2217 argumento
488 2137 677 2216 intelligitur,
696 2149 790 2214 poeta
804 2138 956 2197 consilium
969 2157 1031 2196 non
1046 2157 1082 2196 eo
1095 2137 1210 2215 potissi-

133 2236 241 2293 simum
260 2245 414 2310 spectasse,
435 2242 468 2290 ut
489 2233 661 2310 religionem
679 2231 727 2288 vel
751 2231 986 2308 superstitionem
1004 2233 1208 2310 AEgyptiorum

134 2327 287 2384 derideret
300 2323 348 2402 (de
359 2344 415 2401 qua
428 2325 488 2382 vid.
497 2325 583 2383 adra.
597 2324 649 2401 a),
666 2323 717 2381 sed
727 2333 759 2380 ut
771 2323 877 2402 insigni
887 2324 1052 2382 ostenderet
1060 2327 1209 2401 exemplo,

133 2419 302 2478 diversitate
312 2418 461 2496 religionis
469 2417 554 2492 hujus
563 2416 666 2494 populi
674 2415 848 2492 inexpiabile
860 2435 1080 2494 nonnumquam
1090 2419 1207 2486 odium,

134 2521 163 2567 et
182 2510 343 2567 inauditam
365 2510 608 2568 inhumanitatem
625 2508 716 2586 gigni.
739 2511 775 2567 ln
795 2509 856 2586 ipsa
875 2511 968 2569 Satira
987 2507 1035 2586 (in
1056 2506 1158 2586 primis
1179 2511 1210 2568 iu

134 2617 283 2680 postrema
297 2603 358 2679 ejus
368 2617 449 2680 parte
459 2623 501 2662 vs.
516 2604 689 2682 129—174)
700 2623 802 2682 magua
815 2616 857 2663 est
866 2603 1007 2663 orationis
1015 2604 1059 2662 ris
1070 2623 1103 2662 ac
1115 2605 1211 2681 gravi-

135 2710 187 2768 tas,
200 2697 245 2754 rei
254 2697 537 2768 convenientissima3
548 2715 611 2772 qnae
622 2707 719 2754 tamen
728 2697 831 2773 passim
839 2739 847 2768 ,
856 2695 907 2753 ubi
915 2697 996 2753 locus
1008 2707 1064 2768 est,
1076 2694 1211 2752 admixtis

134 2789 246 2846 facetiis
262 2799 449 2866 temperatur.
461 2821 501 2833 -
517 2789 700 2846 Achaintrius
714 2789 775 2846 baec
789 2785 865 2846 bene
879 2789 1029 2845 adnotavit
1044 2809 1051 2845 :
1065 2785 1211 2844 «Inferius

136 2894 236 2940 tamen
250 2883 308 2941 hoc
321 2901 394 2957 opus
403 2881 506 2940 ceteris
520 2880 648 2955 ejusdem
659 2880 785 2938 auctoris
794 2879 924 2952 videtur,
936 2879 1017 2955 quod
1030 2899 1091 2936 non
1104 2880 1211 2936 mirum

136 2989 179 3034 cst
189 2996 276 3035 :uam
285 2988 314 3033 et
322 2995 410 3034 senex
420 2977 577 3034 admodum
587 2988 665 3047 erat,
681 2986 711 3033 et
722 2995 786 3033 rem
796 2977 935 3033 Romanis
943 2975 1101 3032 inauditam
1110 2995 1210 3032 nama-

135 3071 194 3126 bat.
210 3071 280 3127 Non
289 3087 321 3125 ea
332 3069 409 3126 bella
420 3067 539 3126 infanda
549 3078 686 3140 noverat,
698 3087 761 3142 qun
770 3069 854 3126 fiaror
865 3069 1016 3145 religiosus
1026 3067 1210 3144 sequentibus

137 3162 205 3218 avis
214 3161 365 3236 produxit·
378 3161 458 3230 Quid
472 3160 497 3216 si
508 3161 668 3217 Mabnmeti
679 3159 833 3218 fanaticum
849 3160 984 3219 ardorem
994 3162 1112 3219 vidisset
1128 3181 1210 3219 eum-

138 3254 264 3328 demque
272 3271 360 3308 mann
371 3253 472 3309 dextra
481 3251 610 3328 gladium
620 3263 796 3329 gestantem,
814 3254 960 3310 Coranum
973 3254 1083 3311 altera?
1098 3252 1179 3324 Quid
1188 3253 1213 3310 si

140 3345 370 3401 Christianorum
380 3354 477 3400 sancta
486 3345 622 3402 bellamb
631 3345 723 3402 crucis
732 3344 1212 3421 vexillosuscepta,lescmisades1²

141 3435 218 3505 Quid
228 3435 254 3492 si
266 3435 472 3510 albigensibus
481 3453 570 3511 rogos
578 3437 729 3494 accensos?
742 3436 864 3494 Lutheri
875 3447 904 3494 et
912 3435 1023 3492 Calvini
1037 3447 1209 3494 sectatorum

140 3537 167 3582 et
177 3525 395 3586 catholicorum
410 3526 525 3584 furores
536 3527 652 3584 sacros?
668 3530 736 3587 Non
751 3527 828 3602 juste
841 3529 937 3586 minus
949 3529 1131 3586 exclamasset

297 3643 454 3709 Adepleimns
462 3643 569 3708 populos
581 3661 705 3710 ,quorum
716 3662 770 3695 uon
780 3645 873 3696 sufficit
880 3647 922 3694 ira

300 3727 426 3776 occidisse
438 3727 595 3790 aliquem...
947 3718 953 3740 ⁸

142 3832 197 3890 Sed
220 3850 273 3888 cur
293 3851 325 3888 ea
348 3833 596 3891 commemorem?
618 3836 683 3892 Jam
703 3854 764 3893 non
781 3835 836 3892 snb
855 3834 948 3892 crucis
965 3833 1073 3892 vexillo
1089 3835 1210 3894 bellust

142 3938 247 4004 strages
260 3938 328 3984 sunt
342 3927 522 3986 inchoanda..
538 3928 729 3986 Humanitatis
743 3930 831 4005 ipsius
845 3940 875 3987 et
890 3929 1079 4006 philosophia
1094 3931 1210 3990 nomine

145 4022 239 4099 (quod
249 4041 312 4080 nou
327 4022 422 4078 minus
431 4041 551 4094 saevum,
565 4034 595 4078 ut
606 4021 761 4081 ridiculum
774 4022 863 4099 magis
874 4034 904 4079 et
913 4025 1005 4082 multo
1017 4025 1112 4082 minus
1121 4045 1210 4082 excu-

146 4115 281 4192 sandum)
295 4134 373 4172 arma
389 4125 591 4188 capessuntur,
606 4133 695 4192 regna
712 4125 742 4171 et
758 4113 878 4188 imperia
888 4128 1045 4186 corruunt,
1059 4117 1145 4174 urbes
1162 4115 1209 4171 di·

145 4219 279 4278 mantnt,
289 4207 353 4284 agri
363 4217 511 4265 vastantur
521 4205 710 4281 hominesque
722 4205 913 4264 trucidantur.
931 4207 979 4264 Sic
990 4208 1070 4264 omni
1081 4220 1213 4283 ternpore
