3042 4984
330 391 395 525 590
494 395 669 504 virum
691 439 979 505 Luemours
1001 439 1065 502 ur
1089 437 1243 504 uo‘rAE

326 555 356 603 iu
363 554 406 616 13,
416 562 441 602 et
450 561 553 602 reeeutt.
563 549 633 600 editt.
643 552 717 609 Prot,
729 551 838 618 Bipout,
846 552 880 602 al.
894 552 977 618 Vulgo
987 551 1098 616 Cyaneis
1111 568 1122 600 .·
1132 561 1158 600 at
1165 567 1225 600 sexa
1233 567 1288 600 uort
1299 567 1403 600 omue-

328 647 388 686 ruut
396 635 514 701 Cyaneis,
526 633 571 683 sed
584 634 691 692 Cruneoe
702 634 755 684 scil.
766 652 841 700 rupes
853 651 898 686 seu
911 647 994 686 osum
1004 646 1063 684 suut
1076 636 1131 700 ipsa
1141 652 1209 684 sss-ra
1221 635 1404 690 ememus,-

328 737 409 785 ueque
420 718 549 786 probauds
563 727 600 766 est
613 719 734 768 nummis
750 719 815 768 Auh.
829 719 874 784 qui
890 719 993 783 Cyanee
1006 730 1077 784 putat
1092 736 1147 770 esse
1159 735 1230 770 uon.
1242 720 1310 784 plur.
1321 736 1404 770 soeur.

329 814 385 853 tert.
395 803 484 854 deoliu.
491 819 538 868 pro
549 802 658 864 Cyanes,
666 813 695 851 ut
696 801 800 866 petreis,
813 803 907 865 setteis,
918 813 963 854 etc.
974 820 1022 870 pro
1027 815 1123 870 patres,
1131 815 1218 854 sortes.
1228 805 1295 854 Nam
1304 803 1407 867 Cyaneis

329 900 366 938 est
376 905 444 938 uom.
455 887 618 952 adject.(eid.
632 885 744 950 Comm.)
754 897 778 934 et
786 903 837 936 vox
845 897 961 952 quatuor,
968 903 1022 939 uou
1034 890 1110 938 trium
1122 888 1288 954 syllabarum,
1302 903 1405 952 querum

328 979 354 1018 et
369 969 477 1020 seouuda
492 981 517 1018 et
528 970 598 1018 tertie
612 969 695 1018 brevis
711 977 757 1018 est.
770 969 881 1020 Sieorseis
897 972 996 1020 emend
1007 972 1139 1022 Schrader.
1151 973 1268 1022 audacter
1280 973 1408 1036 invitaque

329 1054 457 1116 Minerva,
469 1063 494 1101 et
503 1069 569 1103 sara
580 1052 682 1115 Cyanee
691 1053 849 1116 Dausqueius
861 1053 894 1103 ed
904 1053 948 1103 Sil.
962 1057 1033 1116 XIV,
1044 1055 1105 1118 515,
1115 1072 1143 1121 p.
1154 1057 1221 1116 fiae,
1239 1067 1328 1104 ooutra
1338 1056 1408 1104 metri

328 1138 395 1202 leges
407 1147 432 1186 et
441 1134 600 1202 muqdesse.
612 1163 648 1174 -
660 1135 751 1186 Plenus
761 1138 818 1196 vel,
830 1151 871 1188 ar.

363 1229 432 1282 Nor.
452 1248 493 1282 ao.
511 1231 553 1283 Ex
572 1229 654 1284 Hom.
670 1227 769 1301 Odyss.
784 1231 826 1297 X,
845 1230 939 1302 1-75,
953 1240 1020 1283 uota
1032 1243 1074 1284 est
1086 1230 1181 1284 fabula
1198 1229 1233 1284 de
1243 1231 1346 1296 ventis,
1363 1230 1408 1302 qui

329 1315 421 1366 utribus
437 1313 537 1366 inclusi
550 1312 586 1366 ab
598 1315 677 1366 AEolo
690 1311 748 1366 dati
763 1314 818 1368 siut
830 1313 923 1388 Ulyssi
937 1313 1117 1385 navigaturo,
1130 1326 1158 1367 et
1170 1325 1318 1386 postquam
1329 1313 1408 1386 hujus

330 1396 399 1450 socii
411 1409 486 1452 utres
498 1396 667 1470 aperuerint,
682 1397 735 1450 rati
751 1395 826 1450 eliud
839 1397 913 1452 intus
924 1397 1021 1459 latere,
1039 1397 1124 1450 soluti
1141 1409 1263 1450 atrooem
1275 1397 1410 1451 moverint

330 1492 535 1553 tempestatem:
548 1479 623 1535 uude
639 1491 668 1533 et
686 1491 765 1552 poeta
784 1481 853 1534 bene
869 1491 1022 1550 tempestates
1039 1477 1110 1532 dixit
1128 1497 1181 1552 pro
1198 1479 1299 1544 ventis,
1317 1495 1409 1532 earum

332 1566 443 1621 caussis.
458 1566 539 1620 Cous.
549 1565 637 1641 ileyn.
648 1568 676 1622 iu
687 1567 751 1622 Exc.
762 1567 785 1620 1.
794 1563 831 1618 ad
839 1565 916 1637 Virg.
927 1567 988 1617 AEu.
1000 1565 1023 1617 I.

365 1712 433 1760 Vre.
452 1727 495 1762 aa.
514 1711 642 1775 (inruisse,
652 1716 697 1778 46,
707 1723 750 1778 47,
761 1715 802 1774 so,
812 1713 855 1770 oo,
866 1711 909 1767 64.
921 1708 1054 1772 Gsiuus're,
1066 1711 1106 1758 13.

368 1805 438 1858 Nor.
457 1824 501 1870 sr,
514 1825 556 1860 as.
576 1809 643 1860 eim
654 1804 989 1875 samosateueiioa,oujus
1002 1799 1078 1856 sedes
1091 1819 1109 1854 a
1122 1798 1332 1873 poetisexAEa,
1348 1799 1412 1854 cot·

333 1888 446 1942 chorum
455 1889 524 1943 urhe
533 1928 542 1956 ,
555 1890 685 1944 translata
700 1903 740 1946 est
758 1890 788 1944 iu
800 1892 901 1942 AEseam
911 1886 964 1939 ius.
973 1885 1031 1940 sire
1043 1883 1164 1940 Circeios
1173 1885 1262 1955 p'rom.
1272 1881 1355 1948 Latii,
1365 1883 1413 1934 ubi

333 1973 460 2046 Ulyssem
468 1974 605 2046 excepisse
612 1973 733 2046 hospitio
741 1986 769 2028 et
778 1976 903 2040 Elpeum
914 1988 966 2022 eum
978 1969 1049 2022 xxl
1058 1967 1120 2022 aliis
1130 1969 1262 2034 renu'gs'bus
1273 1965 1319 2018 vel
1330 1967 1412 2020 sooiis

333 2057 392 2128 ejus
407 2058 477 2108 anui
487 2059 594 2109 verbere
606 2057 689 2129 virge
695 2075 825 2124 percenses
841 2049 946 2126 (ῥάβδῳ
955 2052 1116 2125 πιπληυῐα)
1133 2061 1251 2104 mutuae
1268 2048 1296 2102 iu
1307 2067 1412 2118 persus,

333 2157 397 2194 mox
406 2159 470 2196 vero
481 2139 619 2195 vestefioiis
628 2142 749 2216 pristine
758 2141 851 2194 forme
861 2137 1006 2196 renituisse
1014 2135 1133 2191 dieitur:
1146 2153 1202 2208 quo
1209 2133 1308 2207 mytho
1316 2135 1413 2206 volup-

333 2235 421 2278 tatum
434 2224 474 2278 vis
490 2221 525 2278 ed
539 2241 627 2280 mores
642 2225 743 2280 ferinos
755 2223 913 2278 homiuibus
923 2219 1077 2276 induendos
1089 2218 1240 2274 strationis
1254 2216 1291 2272 ad
1301 2215 1413 2271 eosdem

335 2306 473 2361 exundos
487 2305 650 2364 declaratur.
662 2319 672 2346 ¹
692 2339 728 2352 -
740 2312 864 2377 Elpenora
875 2307 957 2360 fuisse
965 2325 981 2359 e
990 2305 1071 2359 sociis
1082 2301 1201 2376 Ulyssis‚
1216 2301 1246 2354 iu
1255 2320 1317 2356 sues
1324 2314 1414 2356 muta·

334 2389 386 2457 tis,
397 2409 454 2446 uou
468 2403 574 2446 ooustat
584 2411 618 2449 ex
628 2393 764 2458 Homero,
779 2391 827 2464 qui
844 2404 932 2445 umen
945 2390 1001 2444 ulia
1015 2387 1050 2444 de
1063 2405 1098 2442 eo
1107 2385 1191 2440 refert
1203 2383 1305 2458 Odyss.
1318 2405 1349 2452 u,
1362 2385 1413 2440 ⁵⁵2

334 2492 391 2546 seq.
410 2487 438 2530 et
457 2483 487 2540 λ,
502 2476 617 2532 ⁵1-to.
639 2475 788 2549 Graugseus
809 2493 871 2530 eum
889 2473 979 2548 potius
997 2471 1168 2526 nominatum
1186 2469 1317 2540 putebat,
1332 2486 1416 2541 quam

335 2575 500 2629 quemquam
514 2558 642 2625 aliorum,
653 2558 727 2632 quod
737 2558 828 2614 ebrius
836 2555 1033 2612 ohdormiverit
1046 2554 1076 2608 iu
1089 2565 1161 2608 teoto
1171 2551 1272 2606 edium
1282 2551 1375 2618 Ciroes
1388 2565 1416 2605 et

336 2638 434 2694 deiude
445 2641 537 2714 lapsus
551 2661 601 2713 per
611 2640 712 2712 pedus
723 2641 908 2696 interierit-
917 2645 976 2694 Cum
984 2639 1115 2708 remigibus
1120 2639 1222 2705 percu,
1236 2636 1292 2690 hoo
1300 2646 1357 2700 est,
1367 2635 1416 2706 qui

334 2725 364 2778 iu
377 2741 475 2796 poroos
487 2725 583 2780 mutati
594 2738 678 2780 eram.

369 2821 439 2875 Nor.
457 2821 499 2876 23.
522 2825 583 2873 Tam
593 2825 672 2874 oueus'
679 2823 778 2890 oapitr'r,
789 2821 845 2875 siue
856 2820 967 2874 oerehro
976 2823 988 2891 (
995 2819 1161 2892 twsqsptivtov
1171 2829 1226 2871 vet.
1235 2813 1353 2882 Sohol.),
1361 2813 1416 2866 hoo

334 2918 389 2967 est,
408 2917 464 2958 tam
485 2903 603 2958 bardum
621 2903 826 2978 stupidumque,
837 2906 957 2974 populum
974 2905 1085 2954 Phaeaca
1091 2941 1100 2968 ,
1110 2900 1267 2955 Phaescium
1278 2901 1290 2969 (
1301 2897 1361 2952 vid.
1380 2897 1415 2952 sd

335 2987 414 3053 XIV,
430 2991 480 3059 ²⁸7
490 2991 509 3058 ),
517 2991 616 3058 putavit
623 2977 693 3054 esse,
709 2999 741 3042 ut
751 2986 852 3041 talibus
862 2987 962 3040 fabulis
978 2983 1062 3040 fidem
1076 2983 1210 3040 heberet?
1228 2983 1347 3035 rtoads
1364 2982 1416 3035 im.

335 3073 406 3126 Iouii
423 3073 507 3126 maris
524 3091 609 3145 prope
626 3072 755 3144 Epirum,
775 3088 834 3143 quo
849 3069 931 3124 etiam
949 3073 1054 3136 comm
1070 3080 1184 3123 vocetur
1194 3078 1224 3121 et
1234 3083 1310 3120 uuue
1325 3067 1415 3134 ΜΗ

336 3155 409 3210 uude
420 3175 483 3210 mox
497 3161 625 3224 Coreym
637 3175 704 3208 urna
718 3155 809 3228 (coni.
822 3156 894 3210 Pliu.
913 3156 964 3221 IV,
985 3173 1033 3220 rs,
1050 3172 1098 3208 seu
1117 3172 1164 3222 19,
1184 3153 1279 3224 ibique
1292 3149 1382 3206 Haud.
1393 3155 1413 3221 ).

336 3242 453 3292 theu
464 3253 554 3294 eutem
563 3259 614 3312 pro
624 3239 780 3293 crudelibus
790 3249 817 3292 et
827 3238 916 3292 stultis
925 3239 1006 3292 etiam
1016 3237 1154 3310 proverbii
1163 3237 1225 3290 loeo
1235 3234 1414 3298 dioehsutur3

337 3335 370 3376 ut
380 3335 407 3376 et
417 3341 468 3395 pro
478 3323 526 3389 iis,
543 3322 591 3396 qui
603 3333 692 3376 cutem
710 3334 805 3376 curant
817 3321 978 3393 luxuriaque
989 3319 1134 3387 diffluunt,
1147 3341 1173 3375 v.
1185 3339 1208 3374 u
1223 3320 1321 3374 Horat.
1330 3319 1416 3392 Epist.

337 3411 366 3473 I,
381 3407 425 3471 15,
441 3413 483 3471 ad.
490 3409 582 3462 'Notus
590 3406 761 3479 potissimum
772 3406 880 3460 Alcinoi
889 3407 968 3458 luxus
978 3421 985 3457 τ
994 3403 1069 3458 uude
1077 3403 1167 3478 lepide
1177 3422 1241 3457 mox
1251 3413 1373 3475 apteque
1385 3399 1417 3454 de

337 3496 396 3566 ejus
407 3492 527 3547 convivis
538 3512 578 3546 vs.
590 3497 632 3555 ²4·
643 3495 682 3543 Sic
692 3495 783 3560 aliquis
796 3494 882 3544 sneriso
892 3489 963 3545 dixit
972 3530 979 3556 ,
988 3491 1036 3562 qui
1047 3493 1156 3542 nondum
1170 3491 1251 3541 ebrius
1262 3500 1339 3554 erat,
1351 3501 1417 3552 ete,

338 3592 365 3631 et
376 3579 410 3632 de
420 3597 483 3629 uma
494 3590 622 3630 temetum
631 3575 740 3630 ducere.
752 3575 831 3628 cont.
843 3573 878 3628 sd
888 3595 926 3629 vs.
941 3578 973 3628 16
982 3593 1038 3647 seq.
1046 3605 1082 3616 -
1094 3579 1228 3634 Tenesum,
1239 3572 1346 3634 viuum,
1356 3571 1417 3644 quia

338 3665 476 3737 praecipua
484 3666 632 3715 temulentiae
642 3679 736 3715 caussa
750 3674 791 3715 est
801 3663 811 3731 (
820 3661 892 3715 cous.
904 3661 973 3715 Gelt.
984 3663 1027 3726 X,
1040 3659 1090 3725 23;
1104 3661 1174 3714 Pliu.
1186 3659 1265 3725 XIV,
1276 3659 1303 3722 3,
1318 3671 1347 3712 et
1358 3659 1417 3710 Fes-
1508 3705 1509 3730 ᾗ

339 3762 383 3802 tus
392 3751 414 3816 );
424 3752 549 3800 minimum
559 3762 686 3813 temetum,
697 3746 752 3801 vid.
765 3748 832 3800 Var.
842 3748 914 3800 leot.
925 3775 961 3786 -·
972 3749 1093 3796 Temetum
1106 3749 1224 3806 duxerat,
1236 3744 1370 3797 hauserat
1377 3742 1416 3796 vel

338 3830 459 3892 biberat,
472 3842 502 3883 ut
510 3834 599 3882 ducere
609 3832 703 3898 poeula
718 3827 791 3901 apud
800 3829 895 3882 Horat.
907 3827 1051 3897 0d.1‚17‚
1064 3845 1095 3880 ua
1104 3831 1114 3896 (
1124 3827 1172 3879 ubi
1180 3824 1237 3880 vid.
1248 3826 1338 3898 intpp.
1346 3828 1367 3896 ),
1377 3824 1415 3878 vel
1508 3851 1509 3900 q

342 3916 424 3967 Cadus
439 3929 494 3966 erat
510 3917 590 3966 viui:
610 3917 669 3985 iuste
689 3915 786 3980 inplevi
804 3915 919 3964 hirneam
937 3933 947 3964 :
967 3931 1021 3964 eam
1036 3929 1081 3980 ego
1100 3913 1159 3962 uiui
1171 3913 1249 3964 edu-ri
1265 3913 1331 3962 meri
1343 3905 1414 3982 tpud
1508 3947 1509 3966 2

764 4056 995 4078 ΜἈΜΜΜ

381 4167 389 4191 ¹
409 4159 483 4210 cont.
498 4161 601 4208 Homer.
618 4159 708 4223 Odyss.
722 4175 751 4220 u,
772 4159 856 4208 135-
902 4154 1287 4219 V11‚etttemnennittythot
1307 4165 1367 4204 tom.
1387 4143 1428 4208 l,⁸

345 4241 406 4302 1685
421 4241 506 4305 Repu.
522 4240 582 4288 Ero.
594 4239 604 4284 i
614 4273 621 4298 ,
633 4238 663 4285 sd
679 4238 747 4303 virg.
761 4238 857 4286 AEueid.
902 4253 956 4301 pag.
971 4237 1019 4300 39²
1034 4249 1085 4299 seq.
