3042 4984
207 445 261 511 ru
284 417 518 513 sumnam
541 449 780 514 oucmsu
802 449 1053 534 Qulursu.
1105 448 1168 535 ³⁸7

97 557 248 628 AEgyptiiu
261 560 396 633 pmcipue
409 560 572 628 Mendesiis,
583 581 699 636 qnorum
713 557 895 616 sanctissimus
905 561 971 617 deus
982 563 1034 617 suit
1045 561 1172 628 Mendes,

98 641 251 711 symbolum
270 645 311 698 vis
328 646 420 700 sative
436 665 468 700 ae
487 647 625 718 genitive,
640 664 699 719 qun
709 647 738 699 in
749 659 846 700 natura
857 648 936 711 inest,
947 649 991 702 ael
1001 646 1173 702 fecunditatis

97 721 310 799 fertilitatisque,
323 746 378 800 qua
396 727 515 783 mundus
532 741 624 782 noster
640 741 827 796 conservatum
840 729 913 784 unde
926 732 1031 797 hircus,
1043 743 1173 804 tanquam

95 806 157 860 viva
168 809 305 864 Mendetis
316 812 418 884 imago,
430 813 570 867 colebatur
585 813 613 864 in
624 813 770 885 magnifico
783 815 898 887 templo,
910 813 985 888 quod
1000 814 1173 870 inhonorem

97 889 235 946 Mendetis
245 907 410 948 exstructum
421 907 478 949 erut
488 896 516 948 in
527 895 671 968 metropoli
683 895 885 950 Mendesiorum
895 897 1014 964 Thmui,
1025 899 1174 971 quinetiam

97 976 236 1031 nnumine
251 979 360 1033 tutelari
370 979 483 1033 Mendes
496 980 645 1033 dicebatur.
655 980 734 1033 Cous.
745 979 878 1036 Herodot.
891 981 935 1049 11,
951 986 984 1047 46
994 985 1057 1055 (qui
1066 983 1174 1038 hircum

96 1075 207 1130 quoque
227 1062 256 1114 in
274 1063 466 1137 AEgyptiorum
481 1063 576 1135 lingna
586 1061 681 1121 nutu
698 1063 832 1137 appellari
851 1062 970 1136 tradit);
988 1065 1099 1129 suidas,
1113 1084 1174 1120 soc.

95 1139 207 1209 Μίνδανς
216 1147 342 1201 Bochart.
355 1148 464 1202 Hieros.
477 1160 548 1220 part.
557 1149 588 1212 1,
600 1147 649 1200 lib.
664 1149 708 1212 ΙΙ,
720 1165 743 1200 e.
758 1149 789 1212 43
799 1169 807 1214 ;
819 1161 847 1201 et
862 1151 993 1201 tattonis·
1003 1149 1100 1203 Panth.
1112 1153 1174 1222 AEg.

96 1227 145 1292 11,
170 1245 209 1298 7,
231 1239 296 1283 tom.
319 1231 352 1294 1,
374 1249 435 1304 pag.
460 1232 625 1304 272-289.
648 1228 778 1286 Μονδνίοιοο
804 1231 844 1282 ris
869 1235 940 1284 Πᾶνα
963 1237 1048 1303 τιμῶσι
1072 1231 1115 1286 καὶ
1136 1237 1176 1287 τὸν

96 1311 202 1384 τράγον,
213 1313 308 1388 steph.

130 1413 204 1466 Nor.
227 1414 268 1468 13.
287 1413 370 1468 Nefas
379 1415 407 1468 iu
419 1419 533 1488 AEgypto
544 1413 721 1478 animalibus,
735 1412 782 1466 sed
795 1411 835 1465 ias
847 1415 959 1465 brunonis
968 1417 1082 1478 canutus
1090 1417 1177 1469 nesci!

96 1496 170 1551 Hine
190 1499 278 1552 omnis
296 1511 324 1551 et
339 1499 412 1572 justa
424 1511 511 1570 poeta
524 1496 692 1568 indignatio,
708 1515 790 1570 quam
801 1515 850 1569 per
859 1510 945 1551 totam
955 1499 1056 1555 effudit
1067 1501 1178 1556 satiram

96 1593 121 1634 et
133 1600 197 1655 que
212 1581 248 1636 ad
265 1582 337 1636 hanc
352 1580 523 1636 scribendam
535 1599 597 1634 eum
612 1581 729 1655 impulit.
753 1581 832 1636 Cous.
849 1579 1014 1652 Diodorum,
1026 1589 1069 1654 11,
1082 1595 1114 1654 4,
1130 1588 1178 1660 qui

96 1663 197 1732 tradit,
210 1666 280 1720 fame
295 1664 361 1720 olim
370 1665 512 1738 Egyptios
521 1677 668 1738 premente,
678 1665 777 1717 multos
790 1665 872 1719 fuisse
881 1704 891 1730 ,
901 1667 949 1738 qui
959 1667 1106 1724 humanam
1118 1669 1180 1724 ede·

99 1760 161 1802 rent
180 1767 290 1803 carnem
305 1762 333 1803 et
348 1749 383 1802 ab
398 1749 564 1802 animalibus
581 1748 663 1802 sacris
681 1748 854 1804 abstinerent.
872 1751 968 1823 Neque
981 1765 1071 1806 tamen
1088 1772 1180 1808 omnes

98 1833 217 1906 Egyptii
232 1832 308 1888 nefas
321 1831 457 1888 duxerunt
468 1833 684 1906 quibuscumque
695 1831 859 1886 animalibus
875 1833 963 1899 vesci,
981 1834 1028 1888 sed
1045 1835 1098 1889 alia
1115 1854 1180 1908 gens

98 1916 160 1970 aliis
172 1917 261 1990 iisque
272 1919 356 1971 sacris
368 1930 395 1973 et
408 1935 469 1990 qun
484 1918 552 1971 vivas
566 1918 686 1971 Deorum
696 1918 827 1989 imagines
838 1931 934 1973 essent.
947 1919 1000 1973 llla
1014 1939 1122 1993 quoque
1134 1920 1181 1975 ‹le-

99 2001 202 2055 mentia
213 2003 392 2076 immanisque
405 1999 552 2056 crudelitas
560 2043 569 2070 ,
583 2003 661 2074 cujus
673 2001 779 2073 insigne
791 2002 945 2074 exemplum
958 2001 1006 2057 inf.
1021 2023 1061 2060 vs.
1076 2001 1109 2059 33
1124 2023 1181 2078 seq.

99 2100 339 2150 commemoratur,
358 2106 415 2140 non
435 2087 563 2139 omnibus
577 2083 707 2158 Egyptiis
725 2084 886 2157 exprobrari
903 2097 1031 2158 protest:
1051 2099 1079 2140 et
1090 2087 1182 2141 minus

100 2169 169 2225 mira
188 2171 277 2225 videri
297 2171 393 2233 debet,
411 2171 539 2244 quoniam
559 2187 592 2223 ex
611 2169 742 2240 religione
762 2171 886 2243 prolecta
906 2182 955 2224 est.
973 2171 1013 2224 ab
1028 2171 1182 2226 hominibus

100 2256 189 2319 euim,
201 2275 320 2330 quorum
333 2269 435 2310 mentes
447 2253 637 2328 superstitione
649 2266 696 2307 aut
706 2256 840 2328 perversis
852 2254 887 2310 de
897 2253 956 2308 Diis
966 2256 1100 2328 rebusque
1109 2254 1180 2310 diri-

5 2363 7 2372 >
99 2340 142 2393 nis
156 2339 335 2412 opinionibus
353 2340 463 2394 imbute
478 2339 532 2393 sint
540 2378 549 2405 ,
560 2337 757 2392 inhumanitate
775 2357 807 2392 ac-
821 2337 926 2392 sssvitia
938 2357 1045 2392 omnem
1061 2339 1182 2413 superari

98 2441 181 2496 posse
192 2423 364 2488 barbariam,
379 2424 494 2478 historia
511 2419 608 2486 medii,
622 2421 698 2497 quod
711 2421 821 2486 dicitur,
832 2435 860 2476 et
872 2421 915 2478 vel
931 2423 1017 2476 nostri
1032 2423 1082 2479 tevi
1093 2423 1181 2478 docet.

101 2507 183 2562 Cous.
194 2508 324 2581 Iessingii
337 2509 458 2562 Nathan.

134 2607 229 2658 Διιο..
247 2604 358 2660 ι3-3ο,
371 2605 440 2671 Qua
449 2605 561 2677 Ulysses
572 2607 694 2668 Alcinoo,
709 2603 856 2658 Pheacnm
872 2600 944 2673 regi,
963 2619 980 2654 a
991 2619 1046 2673 quo
1055 2613 1183 2674 exceptus

99 2701 158 2744 erat
166 2687 288 2761 hospitio
297 2690 308 2757 (
318 2689 399 2742 Hom.
411 2687 509 2762 Odyss.
517 2688 699 2757 vl-xlu),
712 2707 888 2756 mpercoenans
898 2686 943 2752 ,h
954 2707 978 2742 e.
990 2685 1062 2740 inter
1070 2703 1183 2752 cenam,

100 2791 150 2826 seu
162 2769 342 2837 cumdum,
362 2771 486 2826 narravit
503 2769 539 2824 de
556 2770 756 2826 inhumanitate
776 2784 804 2826 et
824 2769 1016 2843 ἀνθρακοφαγὶᾳ
1038 2772 1182 2838 Cyclopum,

100 2858 172 2930 iupr.
194 2855 370 2930 Polyphemi,
389 2867 417 2909 et
435 2859 634 2924 between,
649 2856 769 2910 ferarum
786 2855 884 2910 Siciliae
904 2866 932 2908 et
951 2854 1038 2908 ltalia
1059 2853 1181 2926 gentium

100 2942 202 3012 (Hom.
212 2938 312 3013 Odyss.
322 2939 377 3000 IX,
393 2939 545 3004 ros-125,
559 2939 711 3003 rso-542,
727 2953 754 2993 et
764 2940 790 2992 X
800 2978 809 3005 ,
821 2936 979 3006 tto-132),
993 2937 1043 2991 etsi
1057 2937 1182 2991 fabulosa

101 3023 267 3078 videbantur
278 3021 344 3096 ipsis
353 3021 530 3086 Phaeacibus,
544 3033 635 3074 tamen
653 3021 742 3074 minus
759 3021 863 3074 atrocia
876 3033 953 3086 sunt,
969 3039 1050 3093 quam
1066 3038 1126 3092 quas
1138 3019 1183 3074 his

100 3107 273 3182 tenporibus
295 3105 323 3158 in
346 3107 465 3178 Egypto
489 3105 660 3176 contigerunt
690 3122 803 3177 qunque
824 3101 860 3156 de
882 3102 1031 3176 Tentyrnis
1055 3102 1181 3158 referam.

102 3191 241 3266 Egyptii,
251 3188 388 3262 sapientia
397 3189 470 3242 sama
478 3187 545 3242 olim
554 3187 709 3252 clarissimi,
721 3187 847 3240 barbaris
858 3198 1049 3258 comparantur
1056 3185 1182 3258 populis:

102 3295 162 3349 qun
175 3289 266 3329 tamen
277 3271 446 3345 comparatio
456 3273 568 3345 proprie
579 3290 634 3324 nou
645 3271 698 3325 nisi
714 3269 750 3324 ad
763 3272 922 3344 Tentyrssos
934 3282 962 3323 et
978 3268 1180 3348 crudelitatem,

101 3379 134 3414 ex
145 3359 278 3432 religione
289 3367 396 3421 natam,
407 3367 518 3428 spectat.

137 3457 210 3510 Nor.
233 3455 264 3508 13
282 3469 337 3526 seq.
356 3450 436 3506 Coni.
453 3450 566 3504 Lucian.
581 3467 636 3504 ver.
649 3447 713 3501 hist.
724 3447 755 3514 1,
768 3447 794 3501 3.
805 3438 916 3522 Ᾰρχηγὸς
927 3445 955 3499 ‹ll
970 3449 1049 3508 αὐτοῖς
1066 3447 1179 3519 (Ctesire

100 3553 128 3594 et
145 3541 287 3604 lambnlo,
301 3537 348 3610 qui
360 3535 484 3590 fabulose
497 3535 583 3587 multa
601 3533 767 3601 narrarunt)
787 3531 829 3584 ani
847 3527 995 3592 διδάσκαλος
1010 3538 1052 3593 τῆς
1067 3533 1179 3593 mut-mc

102 3623 254 3696 βωμολοχίας
281 3623 293 3673 l
318 3627 360 3674 τοῦ
387 3612 484 3691 ὁμήφου
512 3611 649 3680 ὁόυαοους,
672 3618 722 3675 τοῖς
742 3613 798 3686 περὶ
818 3615 857 3667 τὸν
880 3606 991 3669 linisset
1024 3614 1179 3689 διηγοὺμινος

103 3709 196 3780 ἀνίμων
211 3727 238 3760 rs
254 3704 364 3759 δουλοίαν
376 3702 418 3756 καὶ
434 3703 614 3774 ρονοφθαἋμους
629 3699 671 3753 καὶ
684 3699 828 3772 ὠμοφάγους
840 3697 883 3751 καὶ
898 3700 996 3773 ἀγρίους
1005 3699 1070 3760 τινὰς
1088 3699 1177 3772 ἀνθρώ-

101 3811 172 3858 πους,
187 3791 224 3844 ἔτι
235 3785 263 3842 li
274 3790 434 3858 πολυκέφαλα
445 3787 496 3847 ζῶα
505 3784 601 3846 καὶτὰς
612 3785 659 3836 ὑπὸ
670 3781 804 3854 φαρμάκων
812 3787 860 3834 τῶν
872 3783 971 3856 ίταίρων
981 3783 1126 3856 μοταβολὰς,
1137 3777 1178 3837 οἷα

102 3873 181 3930 πολλὰ
197 3877 283 3934 iusisse
292 3873 351 3946 reple
362 3869 460 3932 ἰδιώτας
472 3869 526 3929 τοὺς
539 3855 650 3928 catriae
660 3866 840 3938 ὶτορατιύοατο.
852 3869 1006 3918 -sAstonite
1016 3868 1136 3921 novitate
1150 3877 1178 3920 et

102 3959 234 4014 miraculo
243 3976 348 4019 rerum,
359 3973 428 4030 quas
436 3956 549 4028 Ulysses
560 3952 698 4007 narrabat
708 3980 744 3992 -
754 3951 934 4018 Talcfireinns,
945 3951 1003 4004 scil.
1015 3951 1175 4025 ἀνθρωποφα-

99 4042 155 4114 γίαν
163 4039 324 4116 Polyphemi
334 4051 362 4094 et
372 4036 533 4112 Antiphatis.

136 4184 204 4234 Vn.
225 4191 266 4241 ss.
283 4179 416 4243 Narravit,
429 4195 472 4230 aa.
486 4204 522 4218 -
540 4177 625 4226 Ulixes
639 4177 721 4240 recepi
735 4193 767 4224 ex
779 4191 819 4236 17,
837 4190 876 4241 19,
892 4191 934 4236 no,
947 4169 989 4224 58.
1004 4173 1113 4238 myxas,
1127 4177 1171 4233 23,

24 4319 25 4336 ρ
105 4267 149 4327 46,
159 4276 200 4331 tp.
208 4263 291 4332 Vulgo
301 4265 407 4328 Ulysser.
419 4263 456 4314 Ct'.
468 4263 499 4311 sd
510 4264 560 4324 1x,
570 4262 616 4323 65,
628 4270 652 4308 et
664 4257 1057 4324 X1,81.-Vn.15.Atqneprn
1066 4269 1118 4318 aut,
1131 4259 1172 4308 1⁶.

24 4341 25 4344 ¹
987 4343 1041 4406 25.
