2992 4984
287 438 471 504 sartan
494 403 692 503 nactum
712 437 914 526 ,QUINTa
1071 441 1130 530 371

75 552 186 624 Nullus
200 553 291 648 apud
309 553 452 647 tragicos
469 552 615 646 populus
630 551 712 622 facit
727 579 735 620 :
755 557 883 649 accipe,
898 569 1012 625 nostro

76 665 147 732 Dira
159 663 253 756 quod
267 661 455 757 exemplum
468 661 582 731 feritas
596 661 796 757 produxerit
808 689 889 733 aevo.

116 775 206 841 Inter
223 772 384 841 finitimos
400 785 497 840 vetus
514 786 615 866 atque
630 773 769 866 antiqua
785 773 950 861 simultas,

75 878 259 951 Immortale
277 881 413 970 odium,
432 896 466 950 et
482 905 666 974 numquam
683 881 829 952 sanabile
845 882 968 954 vulnus

76 990 170 1059 Ardet
183 989 296 1060 adhuc
310 993 438 1084 Coptos
455 1003 490 1058 et
503 991 674 1083 Tentyra:
693 1013 842 1062 summus
856 995 1026 1089 utrimque
1105 1009 1137 1064 35

76 1100 151 1168 Inde
167 1097 266 1168 furor
281 1097 400 1195 vulgo,
420 1096 511 1192 quod
526 1099 667 1188 numina
683 1100 872 1171 vicinorum

77 1209 148 1277 Odit
162 1222 304 1303 uterque
317 1207 412 1278 locus
419 1231 551 1300 ,quum
568 1204 656 1276 solos
670 1205 786 1278 credat
799 1211 970 1283 habendos

78 1323 148 1388 Esse
158 1321 267 1405 Deos,
287 1343 371 1413 quos
385 1318 455 1412 ipse
469 1315 558 1386 colit.
578 1315 645 1388 Sed
659 1327 808 1414 ternpore
820 1319 904 1391 festo

79 1427 212 1498 Alterius
227 1427 346 1522 populi
363 1425 522 1521 rapienda
537 1426 670 1497 occasio
684 1429 815 1498 cunctis

79 1539 148 1608 Visa
161 1539 380 1608 inimicorum
394 1537 599 1633 primoribus
611 1559 650 1604 ac
663 1534 822 1623 ducibus,
836 1561 880 1607 ne
1106 1577 1140 1624 to

80 1649 198 1718 Latum
210 1646 423 1741 hilaremque
436 1647 542 1732 diem,
559 1671 603 1714 ne
615 1669 745 1740 magnae
759 1646 880 1742 gaudia
894 1673 996 1721 coenae

80 1761 254 1846 Sentirent,
278 1757 395 1852 positis
413 1757 455 1826 ad
474 1755 598 1851 templa
611 1771 645 1825 et
658 1759 806 1852 compita
821 1762 943 1830 mensis

82 1869 293 1964 Pervigiliquo
307 1881 400 1952 toro,
420 1891 521 1961 quern
534 1879 634 1935 nocte
648 1889 688 1936 ac
702 1865 777 1937 luce
788 1869 955 1961 jacentem

84 1979 238 2072 Septimus
253 1975 426 2046 interdum
442 1974 492 2044 sol
511 1977 649 2046 invenit.
664 1976 812 2046 Horrida
824 2001 902 2048 sane

86 2089 252 2182 Egyptus3
272 2085 331 2156 sed
349 2083 497 2172 luxuria,
515 2100 679 2180 quantum
697 2085 768 2180 ipse
786 2087 920 2174 notavi,
1111 2109 1143 2176 4⁵

86 2199 216 2268 Barbara
228 2197 363 2268 famoso
378 2220 447 2265 non
460 2195 551 2267 cedit
565 2196 664 2265 turba
678 2198 829 2292 Canopo.

87 2309 184 2395 Adde,
201 2307 297 2402 quod
311 2321 345 2376 et
361 2304 468 2375 facilis
482 2305 624 2374 victoria
637 2304 678 2374 de
692 2305 850 2394 madidis,
870 2320 904 2375 et

89 2415 201 2503 blesis,
215 2432 320 2512 atque
333 2439 425 2485 mero
440 2415 661 2496 titubantibus
677 2440 685 2482 ι
700 2415 785 2484 'inde
799 2415 952 2485 virorum

91 2651 301 2710 tertimumaudi
308 2649 419 2707 lacinus
429 2659 458 2706 et
468 2651 631 2725 exemplum
639 2649 781 2710 inusitatae
790 2651 980 2722 cmdelitatis‚
988 2651 1040 2710 hac
1050 2663 1147 2714 nostra

91 2755 158 2804 etate
167 2743 351 2804 solummodo
365 2741 485 2799 edimm.

125 2839 166 2895 33.
185 2837 272 2914 Copti
291 2846 321 2892 et
336 2836 463 2910 Tentyra
481 2843 548 2889 suut
566 2833 685 2908 AEgypti
701 2833 830 2891 civitates
847 2835 965 2906 vicina,
984 2835 1061 2894 inter
1077 2857 1149 2914 quas
1192 2853 1195 2866 ’

94 2929 167 2986 amni
181 2930 296 2987 fervent
316 2925 422 2982 vetusti
443 2935 472 2981 et
494 2923 665 2980 immortalis
690 2924 752 2981 odii
771 2923 891 2984 flammis
911 2927 1047 2987 incensi:
1068 2931 1149 3006 majus

95 3021 203 3078 vulneris
222 3016 390 3076 insanabilis
405 3025 435 3071 et
449 3013 556 3071 furoris
574 3014 679 3071 summi
697 3033 794 3072 caussa
808 3017 868 3074 haec
886 3029 939 3087 est,
966 3020 1046 3094 quod
1058 3022 1148 3082 altera

96 3113 177 3169 civitas
188 3111 307 3170 alterius
322 3110 392 3166 deos
405 3106 515 3176 oderit,
531 3117 562 3163 et
579 3125 645 3163 suos
662 3117 785 3182 utraque
795 3107 935 3166 duntaxat
948 3111 1048 3168 credat
1062 3133 1147 3174 veros

97 3223 288 3282 germanosque
303 3201 373 3259 deos
393 3217 463 3256 esse.
490 3198 595 3274 Atqui,
613 3198 660 3254 die
680 3199 806 3273 quodam
826 3200 1149 3279 festo‚'1'eutyritarum

98 3315 212 3370 proceres
227 3315 260 3353 ac
274 3291 408 3371 primarii
425 3289 512 3347 duces
530 3309 560 3346 se
580 3290 759 3348 occasionem
775 3303 874 3349 nactos
894 3311 954 3352 esse
973 3306 1150 3370 putaverunt
1197 3300 1200 3312 '

99 3401 342 3466 peropportunam,
359 3383 439 3440 unde
455 3381 645 3458 impedirent,
663 3401 701 3442 ne
719 3385 807 3462 Copti
826 3387 998 3461 promissam
1014 3390 1075 3463 ojus
1091 3393 1149 3451 diei

23 3499 24 3502 ¹
100 3480 206 3538 letitim
218 3478 468 3549 hilaritatemque,
493 3485 522 3531 et
541 3473 678 3553 gaudium
699 3492 809 3553 magnae
828 3495 914 3535 coenae
934 3492 1105 3554 carperent3
1128 3485 1150 3542 ii

23 3593 26 3622 t
101 3575 190 3632 seilicet
207 3581 364 3632 statuerant
384 3585 495 3625 mensas
512 3566 543 3624 iu
560 3567 692 3644 compitis
712 3568 899 3644 templisque,
923 3581 953 3628 et
970 3573 1060 3630 lectos
1079 3577 1149 3650 qui-

25 3707 26 3714 ,
102 3665 145 3724 bue
166 3666 394 3746 pervigilabant,
418 3669 448 3718 et
470 3679 543 3734 quos
572 3672 662 3718 noctu
686 3661 794 3737 diuque
819 3671 923 3719 stratos
949 3664 1000 3720 lux
1028 3667 1149 3741 septima

26 3775 28 3804 :
103 3757 228 3818 interdum
249 3755 422 3834 reperiebat.
446 3751 509 3808 Etsi
533 3753 611 3810 enim
633 3773 698 3828 pars
719 3754 780 3810 baec
799 3755 917 3832 AEgypti
935 3757 1087 3816 horridior
1112 3762 1150 3817 sit

30 3870 36 3915 ;
103 3860 173 3925 atque
189 3851 337 3920 incultior,
357 3857 469 3912 tamen,
491 3856 632 3919 quantum
653 3845 808 3903 observare
830 3847 890 3923 ipsc
909 3849 1009 3924 potui,
1026 3851 1150 3910 barbara

28 3944 37 3986 l
104 3941 153 3998 hac
166 3937 300 4019 genano'n
316 3951 359 3998 est
373 3938 468 3999 minus
488 3939 585 3996 dedita
605 3938 686 3995 luxui
708 3948 738 3995 et
755 3939 877 4012 deliciis,
898 3961 984 4018 quum
1001 3945 1149 4022 Canopus,

106 4035 250 4094 eonomine
267 4033 389 4092 infamis.
411 4031 531 4092 Accedit
544 4031 625 4109 quod
639 4030 757 4088 minime
773 4031 896 4089 arduum
910 4034 1064 4093 ridebatur
1085 4037 1152 4096 vin·

108 4141 161 4182 rere
169 4127 275 4184 ebrium
285 4128 415 4198 bostem,
426 4125 648 4194 balbutientem,
658 4145 690 4182 ac
699 4123 768 4181 rino
780 4125 968 4183 vacillantem
981 4129 1025 4185 Ex
1037 4131 1150 4206 Copto-

32 4239 33 4242 *
110 4233 162 4274 mu
174 4231 249 4294 parte
268 4220 365 4278 omnia
383 4219 578 4296 personabant
598 4216 732 4292 tripudiis
753 4217 916 4274 saltantium
940 4218 978 4272 ud
1000 4221 1151 4296 strepitum

926 4311 977 4384 24.
