2992 4984
354 391 419 458 306
640 345 681 458 n.
705 391 836 459 suun
859 389 1131 456 Juvnuams

350 509 453 580 Nunc
469 509 683 580 Praenestinis
700 509 737 578 in
751 507 938 592 montibus,
956 504 1021 575 alta
1035 506 1175 600 parabat

350 618 507 690 Culmina
520 618 692 708 villarum,
713 620 842 690 Graecis
859 617 1024 714 longeque
1038 616 1150 711 petitis

350 722 594 820 Marmoribus,
609 733 753 803 vincens
765 733 925 800 Fortunae
940 744 1041 822 atque
1054 723 1209 797 Herculis
1219 725 1340 812 aedem,
1385 759 1414 809 90

348 843 399 912 Ut
411 843 516 938 spado
530 843 687 914 vincebat
701 839 870 936 Capitolia
885 853 1002 909 nostra
1015 837 1164 908 Posides.

241 964 245 975 “
348 954 440 1021 Dum
456 954 599 1050 sicergo
613 954 742 1024 habitat
755 951 951 1034 Cotronius‚
971 949 1142 1020 imminuit
1155 973 1241 1035 rem,

348 1063 464 1157 Fregit
479 1088 581 1157 opes3
597 1088 662 1134 nec
678 1085 782 1157 parva
796 1075 910 1130 tamen
926 1083 1084 1130 mensura
1099 1057 1220 1128 relictae

347 1177 455 1245 Partis
473 1191 544 1244 erat
562 1201 570 1244 :
590 1191 695 1244 totam
711 1176 801 1244 hanc
817 1171 967 1242 turbavit
985 1169 1074 1240 filius
1092 1195 1223 1258 amens,

346 1287 439 1353 Dum
451 1282 588 1354 meliore
604 1309 708 1354 novas
722 1279 847 1354 attollit
859 1305 1029 1352 marmore
1043 1277 1148 1349 villas.

394 1391 541 1481 Quidam
555 1393 665 1462 sortiti
681 1406 889 1462 metuentem
909 1391 1046 1462 sabbata
1062 1405 1211 1484 patrem,

346 1499 405 1572 Nil
422 1517 543 1595 praeter
560 1501 665 1570 nubes
687 1515 720 1570 et
737 1498 809 1570 caeli
829 1525 956 1570 numen
974 1501 1134 1586 adorant,

346 1613 420 1684 Nec
438 1612 561 1682 distare
578 1624 699 1706 putant
716 1610 866 1680 humana
884 1635 987 1680 came
1006 1608 1156 1698 suillam,

345 1723 423 1810 Qua
439 1736 534 1816 pater
550 1720 729 1812 abstinuit;
747 1743 826 1790 mox
844 1732 879 1788 et
896 1721 1060 1814 praeputia
1078 1733 1234 1813 ponunt:
1490 1813 1491 1826 ἵ

346 1833 515 1899 Romanas
530 1844 642 1898 autem
659 1827 748 1898 soliti
764 1842 979 1899 contemnere
991 1828 1101 1925 leges,
1371 1861 1416 1894 too

346 1940 524 2008 Iudaicum
539 1937 712 2026 ediscunt,
729 1953 764 2007 et
779 1953 932 2023 servant,
951 1963 991 2008 ac
1009 1953 1167 2007 metuunt
1181 1939 1255 2032 jus,

347 2048 500 2119 Tradidit
516 2075 639 2120 arcano
654 2049 893 2146 quodcumque
909 2047 1082 2118 volumine
1095 2052 1227 2136 Moses,

348 2161 381 2230 N
383 2175 632 2229 on·mcnstrare
646 2159 734 2246 vias,
753 2159 867 2230 cadem
885 2158 951 2229 nisi
964 2183 1059 2230 sacra
1072 2157 1211 2246 colenti,

348 2271 536 2358 Quaesitum
550 2269 593 2339 ad
609 2271 738 2341 sontem
752 2268 841 2339 solos
855 2267 1018 2340 deducere
1030 2293 1163 2363 verpus.

347 2377 413 2449 Sed
428 2393 523 2475 pater
538 2381 574 2448 in
589 2405 722 2466 caussa,
738 2379 793 2450 cui
808 2377 953 2474 septima
966 2404 1107 2474 quaeque
1122 2377 1187 2449 fuit
1201 2376 1259 2448 lux
1370 2397 1417 2478 ros

346 2490 488 2584 Ignava,
504 2503 537 2558 et
554 2504 684 2584 partem
697 2491 774 2557 vitae
788 2513 858 2557 non
872 2490 984 2585 attigit
995 2488 1108 2560 ullam.

347 2695 489 2766 excelsas,
509 2714 580 2770 quas
597 2693 736 2752 accersito
753 2712 770 2750 e
787 2693 899 2768 Gracia
915 2703 945 2752 et
957 2693 1127 2772 longinquis
1143 2694 1203 2752 oris
1216 2713 1364 2752 marmore
1381 2695 1417 2752 sie

347 2787 483 2858 ornabat,
507 2796 540 2844 ut
560 2785 805 2864 magnificentiam
822 2787 1000 2860 templorum
1019 2786 1152 2844 Herculis
1166 2788 1363 2864 Fortunaeque
1379 2807 1419 2844 su·

346 2893 477 2958 peruret,
489 2879 564 2938 sicut
576 2881 695 2938 Posides
705 2880 855 2938 eunuchus
866 2878 1004 2956 Capitolii
1016 2881 1111 2938 nostri
1125 2880 1314 2956 splendorem
1326 2880 1419 2938 vince·

345 2973 403 3030 bat.
425 2975 489 3031 Hoc
509 2975 581 3032 luxu
604 2973 758 3031 Cetronins
781 2992 851 3050 opes
871 2972 1063 3049 dilapidavit,
1085 2992 1210 3050 quarum
1233 2984 1334 3030 tamen
1357 2994 1420 3050 pars

344 3066 438 3123 adhuc
452 3084 514 3122 non
526 3065 728 3140 adspernanda
741 3077 908 3140 supererat,
922 3067 997 3122 hanc
1007 3065 1068 3142 ejus
1081 3064 1158 3124 lilius
1170 3075 1260 3124 totam
1274 3066 1421 3142 perdidit,

345 3157 416 3214 dum
427 3157 496 3214 alias
505 3158 699 3233 praestantiori
714 3177 861 3216 marmore
875 3158 957 3216 villas
973 3159 1070 3236 erigit.

384 3249 431 3324 96.
452 3250 594 3308 Nonnulli
608 3249 706 3308 sortiti
718 3260 830 3325 patrem
839 3249 952 3308 sabbati
961 3251 1076 3308 Iudaici
1085 3251 1160 3310 ritus
1171 3250 1307 3330 religiose
1317 3263 1421 3312 etcum

343 3353 424 3400 metu
433 3341 652 3416 observantem,
662 3343 755 3402 nubes
766 3355 796 3401 et
807 3345 907 3402 caelum
919 3355 1057 3422 tanquam
1069 3364 1178 3403 numen
1186 3345 1271 3402 unice
1279 3365 1422 3404 veneran-

342 3447 403 3506 tur,
411 3453 507 3512 neqne
517 3435 673 3494 discrimen
681 3437 774 3494 ullum
784 3437 862 3494 inter
873 3438 1028 3494 humanam
1036 3458 1152 3496 carnem
1163 3449 1192 3496 et
1202 3427 1355 3514 porcinam
1367 3452 1423 3497 sta·

342 3539 444 3600 tuunt,
459 3545 550 3602 quum
566 3528 619 3584 bac
630 3539 713 3602 pater
725 3527 913 3600 abstinuerit;
928 3548 999 3586 mox
1011 3531 1151 3606 praeputia
1167 3529 1254 3587 etiam
1269 3529 1422 3590 eircumci-

340 3619 427 3676 dunt:
436 3618 524 3676 iidem
533 3621 733 3678 Romanorum
740 3619 817 3696 leges
828 3632 1017 3681 contemnere
1025 3623 1147 3694 assueti,
1156 3623 1287 3680 instituta
1296 3643 1422 3702 quaeque

340 3717 357 3770 J
358 3715 445 3772 udaeis
452 3735 469 3772 a
477 3717 559 3772 Mose
571 3714 602 3771 in
611 3712 811 3772 voluminibus
820 3733 1003 3794 nequaquem
1010 3717 1135 3794 vulgatis
1146 3717 1264 3786 tradita,
1271 3717 1424 3776 memoriae

340 3806 494 3881 diligenter
511 3806 664 3877 mendant,
681 3825 713 3862 ac
734 3825 846 3864 summa
860 3809 1004 3886 religione
1018 3811 1194 3868 custodiunt.
1210 3810 1315 3868 Solent
1329 3830 1421 3868 mon-

340 3908 431 3956 strare
442 3897 518 3960 viam
534 3899 660 3968 nemini,
677 3899 733 3956 nisi
745 3899 845 3958 eadem
862 3920 942 3960 saera
957 3902 1079 3976 colenti,
1097 3915 1126 3962 ct
1139 3903 1324 3961 circumcisos
1337 3905 1420 3962 solos

338 3988 375 4044 ad
388 3989 499 4046 sontem
510 3991 658 4064 quaesitum
671 3992 829 4051 deducunt
840 3995 944 4052 Caussa
956 4007 1053 4054 antem
1064 4015 1116 4054 cur
1125 3995 1158 4052 id
1170 3994 1289 4066 iaciant,
1304 4016 1321 4053 e
1332 4007 1418 4072 patre

337 4081 548 4158 proficiscitur,
571 4084 623 4159 qui
640 4085 791 4161 septimam
812 4087 890 4146 diem
909 4087 1062 4163 cujuslibet
1084 4088 1273 4147 hebdomade
1295 4089 1417 4146 feriatus

337 4171 515 4252 transigebat
524 4174 556 4236 in
565 4176 643 4247 otio,
653 4188 682 4236 et
690 4180 727 4237 ab
739 4179 874 4240 omnibus
883 4183 1044 4242 communis
1052 4183 1118 4242 vitre
1128 4182 1231 4243 officiis
1239 4183 1415 4242 abstinebat.
