3030 4984
289 417 475 485 sartan
498 417 694 486 DECIMA
716 419 918 488 TERTIA.
1082 423 1148 492 253

88 532 274 628 Depositum
292 531 450 618 retinere,
467 547 501 600 et
515 529 670 600 fraudem
686 533 764 626 jure
781 535 868 603 tueri

88 646 106 712 J
109 639 249 730 urando;
268 642 439 735 quaerebat
452 641 559 729 enim,
577 665 652 736 qutc
667 643 816 712 numinis
834 657 920 714 esset

89 756 192 839 Mens,
211 766 246 820 et
263 777 306 820 an
323 753 389 822 hoc
407 749 456 821 illi
474 751 603 821 facinus
622 750 773 822 suaderet
788 751 933 847 Apollo?

88 861 233 932 Reddidit
248 887 329 958 ergo
345 876 455 949 metu,
472 887 541 931 non
558 863 727 953 moribus;
745 877 906 934 ettamen
923 889 1059 936 omnem

87 976 203 1042 Vocem
223 971 314 1068 adyti
333 969 470 1065 dignam
487 969 612 1066 templo
629 996 809 1069 veramque
827 977 985 1070 probavit
1098 991 1147 1049 aot

86 1082 268 1152 Exstinctus
286 1097 358 1151 tota
374 1082 500 1174 pariter
518 1107 596 1152 cunt
614 1083 724 1178 prole,
742 1084 929 1181 domoque,

87 1195 137 1279 Et,
151 1193 303 1286 quamvis
320 1190 420 1288 longa
435 1191 587 1263 deductis
604 1208 720 1288 gente,
740 1196 953 1292 propinquis.

87 1306 145 1372 llas
162 1305 293 1399 patitur
310 1327 425 1398 poenas
440 1303 602 1398 peccandi
623 1303 693 1376 sola
711 1303 873 1375 voluntas.

88 1415 163 1482 llam
182 1411 293 1483 scelus
310 1412 400 1482 intra
417 1437 452 1483 se
470 1414 611 1484 taciturn
630 1413 688 1510 qui
705 1414 831 1508 cogitat
847 1412 971 1501 ullum,

89 1523 168 1592 Facti
184 1524 317 1592 crimen
334 1524 460 1593 habet:
481 1521 581 1612 cedo,
602 1525 629 1593 si
646 1537 768 1594 conata
787 1523 937 1620 peregit?
1100 1523 1152 1593 aro

88 1635 241 1730 Perpetua
257 1635 403 1704 anxietas
421 1657 485 1703 nec
504 1657 624 1703 rnensae
643 1648 795 1727 tempore
813 1648 931 1724 cessat,

88 1745 241 1814 Faucibus
256 1759 297 1813 ut
313 1745 433 1813 morbo
451 1744 547 1814 siccis
567 1745 720 1837 interque
742 1741 884 1815 molares

88 1844 218 1923 Difficfli
237 1870 410 1923 crescente
430 1854 506 1923 cibo
526 1880 534 1922 :
555 1853 613 1923 sed
630 1854 709 1922 vina
724 1852 870 1924 misellus

88 1965 236 2059 Exspuit3
256 1962 376 2040 Albani
393 1963 514 2033 veteris
532 1964 677 2057 pretiosa
695 1978 848 2033 senectus

88 2071 240 2170 Displicet
258 2100 267 2144 τ
285 2073 440 2143 ostendas
458 2071 594 2160 melius,
613 2071 808 2140 densissima
825 2097 909 2167 ruga
1098 2089 1150 2146 215

89 2185 218 2277 Cogitur
235 2185 272 2250 in
289 2182 453 2267 frontem,
469 2178 560 2250 velut
575 2181 646 2249 acri
662 2179 764 2250 ducta
779 2166 932 2250 Falerno.

90 2293 187 2361 Nocte
206 2293 347 2361 brevem
363 2291 391 2359 si
406 2289 494 2359 forte
510 2287 649 2357 indulsit
666 2312 747 2356 cura
763 2312 933 2383 soporem,

89 2401 126 2468 Et
141 2415 215 2469 toto
227 2412 357 2468 versata
373 2411 449 2467 toro
464 2399 533 2491 jam
549 2396 700 2466 membra
718 2397 910 2491 quiescunt,
1018 2489 1021 2496 .

87 2595 167 2653 hante
179 2597 236 2654 deo
254 2606 359 2672 posset.
380 2597 561 2671 Responsum
579 2604 622 2651 est
641 2613 657 2650 a
678 2594 796 2672 Pythia,
817 2613 915 2670 pomus
934 2593 1028 2670 ipsum
1050 2611 1151 2672 graves

89 2689 229 2762 daturum,
254 2689 306 2764 qui
328 2691 383 2746 hoc
404 2689 441 2744 ab
464 2687 600 2763 Apolline
625 2686 813 2762 quaesivisset,
835 2686 866 2742 in
889 2685 1068 2762 dubiumque
1090 2706 1152 2745 rem

90 2782 221 2856 q'nsmodi
234 2793 405 2840 revocasset.
425 2783 493 2851 Quo
511 2779 558 2836 ille
575 2789 688 2836 terrore
701 2796 734 2834 ac
752 2796 901 2854 panarum
917 2787 996 2836 metu
1009 2781 1151 2838 attonitu

90 2875 183 2952 uagis,
195 2893 285 2951 quam
294 2873 391 2930 studio
400 2873 515 2930 virtutis
526 2881 555 2928 et
564 2887 662 2926 amore
671 2870 820 2940 inductus,
831 2870 990 2946 depositam
1000 2871 1152 2947 pecuniam

92 2968 204 3024 restituit
219 2986 226 3021 :
240 2967 320 3024 idem
333 2977 426 3023 tamen
437 2983 540 3023 rerum
550 2982 583 3020 ac
598 2961 719 3038 dignum
732 2962 869 3036 Apolline
881 2981 1052 3038 responsum
1066 2963 1152 3020 fuisse

93 3060 283 3137 comprobarit
295 3078 365 3130 suo,
383 3077 416 3116 sc
428 3075 548 3114 suorum
566 3054 743 3124 liberorum,
763 3053 1014 3130 propinquorum,
1034 3066 1064 3111 et
1083 3057 1151 3114 uni-

93 3169 169 3210 reme
183 3151 300 3208 familiar
314 3150 350 3207 ab
366 3149 467 3208 ultima
483 3148 573 3223 stirpe
586 3145 702 3220 penitus
719 3145 864 3200 exstinctae
882 3145 981 3203 exitio.
1001 3148 1044 3203 lta
1061 3147 1152 3206 solam

92 3244 217 3318 morandi
231 3243 412 3301 voluntatem
428 3239 533 3315 Superi
549 3239 679 3313 plectunt
694 3255 702 3294 t
716 3247 746 3294 et
764 3255 836 3293 aero
856 3237 908 3313 qui
926 3240 1017 3296 scelus
1032 3251 1151 3315 pectore

93 3334 271 3392 deliberatum
287 3331 437 3408 concepit,
451 3329 573 3406 perinde
592 3347 700 3386 nocens
723 3339 779 3398 est,
799 3329 873 3386 acsi
892 3330 966 3388 illud
983 3331 1150 3390 admisisset.

69 3495 72 3502 Ι
94 3426 164 3496 Quid
177 3447 248 3484 aero
264 3426 288 3482 si
301 3425 471 3481 meditaturo
485 3423 595 3479 larinus
614 3423 700 3479 etiam
716 3421 892 3497 complevit?
914 3424 1020 3482 Nonne
1035 3426 1151 3482 meritas

92 3520 225 3593 expendet
237 3518 356 3596 pernas?
372 3518 446 3574 Hinc
459 3517 508 3572 illa
523 3515 627 3571 mentis
638 3513 728 3570 anxiae
739 3533 772 3570 ae
786 3515 861 3570 male
874 3516 1028 3571 metuentis
1042 3517 1152 3600 solliei-

91 3611 175 3680 tudo,
191 3631 252 3688 quae
266 3610 414 3668 hominem
426 3627 487 3666 non
502 3607 608 3664 deserit
625 3607 656 3663 iu
675 3607 734 3681 ipsa
751 3619 863 3675 mensa,
877 3605 929 3661 ubi
941 3607 1037 3662 lauces
1047 3607 1151 3680 aridae,

90 3715 218 3777 tanquam
230 3702 305 3760 febri
318 3703 481 3772 laboraret,
494 3699 590 3756 cibum
608 3697 749 3775 deglutire
764 3697 814 3753 vix
826 3707 962 3772 possunt,
977 3697 1151 3758 haerentibus

88 3793 162 3852 inter
177 3796 250 3872 ipsos
267 3795 369 3853 dentes
389 3793 523 3868 dapibus,
542 3806 571 3851 et
587 3810 655 3863 eos,
672 3791 741 3867 quia
759 3808 834 3868 aegre
852 3789 1045 3864 trajiciuntur,
1062 3794 1152 3871 magis

89 3888 228 3964 magisque
238 3887 434 3964 implentibus.
449 3887 569 3961 Respuit
578 3885 663 3956 rina,
674 3887 720 3940 vel
734 3885 855 3958 optirnu3
867 3882 1014 3940 Albanum
1027 3899 1110 3944 vetus
1122 3899 1151 3946 et

89 3999 253 4054 generosum
266 3979 389 4048 lastidit3
408 3978 432 4036 si
445 3977 612 4054 generosius
623 3975 743 4051 aliquod
756 3976 872 4047 afferes,
891 3975 930 4033 ita
948 3976 1049 4037 denssu
1064 3997 1150 4058 rugas

88 4071 179 4130 fronte
188 4083 334 4131 contracta
345 4069 434 4138 ducit,
443 4069 523 4144 quusi
533 4071 686 4126 Falernum
697 4086 762 4125 acre
770 4079 973 4144 austerumque
984 4070 1107 4130 biberet.
1117 4074 1150 4131 si

89 4182 139 4238 per
148 4179 258 4225 nortun
272 4186 289 4223 a
301 4165 377 4222 euris
388 4183 420 4221 uc
429 4174 510 4222 metu
522 4162 664 4241 respirare
675 4160 830 4240 paulisper,
843 4172 871 4222 et
882 4161 1035 4242 indulgere
1047 4183 1150 4223 somno
