3036 4984
353 423 933 490 1nssr1asnna01nsn.
1042 427 1045 436 ·
1128 423 1169 506 89

116 529 200 586 nude
208 533 391 594 occasionem,
403 536 541 589 interfecto
550 535 669 598 Tiberio,
677 555 730 588 nou
739 537 979 609 arripuisset—Ex
988 553 1036 603 quo
1046 537 1171 604 suffragia

116 619 174 666 eslli
190 615 339 670 candidato
352 622 658 688 nendimnsmnptsarnsin
672 636 735 690 pro,
750 637 782 672 ex
800 639 854 691 quo
867 619 995 689 suffragia
1012 619 1173 689 comitiaque

114 701 188 754 uobis
201 699 330 774 adempta
341 716 404 756 suut
414 722 420 756 :
431 721 493 756 uam
507 703 636 775 suffragia
645 704 710 755 olim
722 702 828 758 venalia
837 705 992 775 plerumque
1003 714 1089 767 crant;
1102 701 1175 754 unde

113 797 151 838 tot
161 785 233 856 leges
245 786 281 839 de
293 788 396 840 ambitu
405 787 488 838 latta.¹
501 817 537 828 --
549 793 604 838 June
615 789 722 853 prtllern,
735 789 790 859 jam
802 787 865 842 inda
880 806 896 840 a
908 790 924 841 J
927 787 976 839 ulii
987 787 1097 840 Carraria
1108 800 1174 840 tem-

112 867 235 938 poribus,
255 869 306 940 qui
318 869 427 922 comitia
439 887 499 922 curu
511 870 614 941 populo
627 871 742 940 partitus
756 883 802 923 est.
821 871 888 940 Ejus
907 870 1057 922 institutum
1070 867 1177 921 reduxit

112 953 262 1020 Augustus,
273 963 301 1003 et
312 951 442 1004 ambitum
454 952 597 1024 multiplici
604 970 682 1023 poena
690 955 817 1007 coercuit.
828 953 955 1006 Tiberius
964 966 1069 1015 autem,
1082 953 1177 1006 animis

113 1034 298 1087 Romanorum
312 1034 403 1088 baetis
411 1038 483 1106 jam,
496 1048 522 1088 et
536 1037 645 1090 servitio
657 1035 789 1100 adsuetis,
803 1035 911 1090 comitia
929 1055 1038 1107 prorsus
1048 1055 1063 1088 e
1074 1037 1176 1106 Campo

112 1117 255 1170 incuriam
268 1119 420 1185 transtulit,
434 1139 518 1190 neque
531 1138 563 1174 ea
579 1120 675 1174 exinde
690 1120 791 1192 populo
809 1118 914 1174 reddita
931 1131 1000 1172 sunt.
1012 1128 1023 1154 ²
1037 1151 1072 1160 -
1087 1121 1177 1180 Cura,

113 1219 217 1252 omnem
225 1221 320 1254 curam
331 1204 482 1274 reipublice
491 1203 718 1267 administrandas,
728 1202 905 1258 creandorum
912 1202 1033 1274 inprimit
1040 1203 1179 1274 magistra·

111 1297 186 1335 tuum
195 1284 343 1356 legumque
352 1286 562 1347 sciscendarum.
572 1289 672 1357 effisdit,
680 1288 794 1352 dimisit,
804 1286 878 1359 quod
888 1289 1011 1359 ripensis<
1019 1285 1121 1341 dictum
1131 1302 1179 1355 eat,

114 1369 186 1437 qnasi
198 1367 250 1419 otii
265 1387 356 1422 autore
371 1387 402 1422 ae
414 1384 520 1442 sponte,
535 1371 578 1424 vel
595 1370 663 1424 aden
676 1371 801 1436 libenter,
813 1389 861 1423 sua
870 1372 931 1442 jura
942 1370 1039 1424 Caesari
1050 1383 1076 1423 et
1090 1372 1179 1444 luipa-

112 1449 247 1504 ratoribus
258 1450 445 1505 concesserit.³
455 1483 489 1494 -
500 1455 564 1507 Hac
579 1455 661 1508 verba
674 1455 700 1508 iu
713 1467 827 1508 mentem
843 1453 977 1507 reducunt
989 1453 1039 1507 viri
1054 1453 1180 1508 facundia

112 1545 137 1584 et
148 1534 277 1587 acumine
289 1537 438 1606 prostantis
455 1555 611 1608 responsum
626 1535 661 1592 ad
674 1537 830 1609 quemdam,
851 1537 898 1608 qui
909 1536 1008 1590 Gallici
1019 1539 1113 1609 populi
1126 1539 1180 1592 rint

112 1629 138 1666 et
150 1617 273 1688 bip-getas
285 1637 372 1690 nuper
382 1620 477 1672 elatius
485 1621 620 1691 jactabat:
629 1625 654 1674 11
656 1643 678 1686 y
687 1641 704 1674 n
716 1626 862 1689 long-temps
871 1637 919 1687 que
927 1624 951 1671 le
957 1615 1045 1686 perpete
1056 1623 1180 1672 souverain

114 1719 131 1747 a
142 1703 229 1752 donne
241 1721 271 1752 sa
285 1705 425 1754 demission.
446 1704 499 1756 En.

147 1796 219 1848 Nor.
232 1813 276 1864 79.
296 1799 424 1862 Imperium
436 1815 581 1856 sumntum,
591 1810 618 1850 et
627 1795 739 1868 quidem·
747 1809 801 1849 tam
814 1796 891 1849 civile
899 1835 906 1860 ‚
912 1799 999 1864 fasces
1008 1799 1018 1864 (
1026 1794 1181 1862 dictaturas,

114 1879 286 2014 papnnulplmsi
302 1885 460 1950 pratmas),
479 1899 561 1952 qnam
577 1880 707 1939 militare,
725 1883 839 1948 legiones.
861 1880 922 1931 Vox
941 1882 1023 1930 onnia
1038 1880 1181 1952 separatim

150 1981 212 2032 paen
234 1979 259 2013 a.

152 2059 219 2110 Nor.
239 2059 283 2108 so.
306 2060 420 2108 cannam
431 2056 600 2120 &modeste
611 2069 715 2110 coercet
728 2057 888 2128 cupiditates
900 2075 976 2122 suaa,
986 2058 1055 2110 nibil
1067 2059 1183 2130 amplius

115 2142 202 2213 cupit,
213 2159 298 2212 quam
303 2159 398 2208 panem
407 2156 432 2192 et
442 2143 566 2193 Circenses
578 2145 663 2203 ludos,
676 2159 743 2211 quos
754 2153 840 2196 tamen
851 2143 956 2206 antius,
969 2141 1061 2205 anxie,
1071 2140 1182 2212 cupide,

97 2237 186 2296 .optst
197 2241 206 2278 :
218 2235 363 2278 contentus
371 2235 422 2287 est,
434 2223 580 2276 dummodo
587 2236 613 2276 et
622 2223 728 2278 facilem
738 2225 837 2279 babent
847 2225 946 2278 vietum
955 2265 963 2290 ,
972 2238 999 2278 et
1008 2226 1182 2296 voluptatem.

113 2309 213 2362 Confer
224 2307 314 2360 Tacit.
328 2308 422 2360 Annal.
439 2309 468 2372 1,
484 2328 551 2360 1.-
561 2313 667 2370 Panem,
679 2308 812 2378 sportulas
829 2320 855 2359 et
869 2307 1005 2376 congiaria
1019 2308 1062 2360 vel
1073 2321 1183 2361 tesseras

116 2391 329 2463 largitionesqne
343 2391 543 2455 frumentariam
567 2388 628 2444 vide
643 2386 679 2441 ad
691 2391 763 2449 vll,
780 2396 836 2459 ¹7⁴·
849 2387 860 2426 ⁵
872 2419 908 2430 -
923 2391 1059 2452 Cirtenses,
1076 2390 1138 2445 vide
1148 2392 1184 2445 ad

116 2477 170 2542 111,
189 2476 254 2529 aad.

145 2623 216 2670 Van.
239 2621 281 2668 81.
302 2623 372 2679 Pan,
390 2637 433 2682 ιι,
451 2622 566 2682 rt—-af,
581 2625 627 2680 45,
642 2623 688 2682 46,
703 2630 752 2686 49,
767 2619 808 2670 55.
827 2619 896 2668 Vrlla
909 2617 935 2668 τὸ
949 2619 998 2668 πᾶν
1010 2619 1132 2678 irrisorie,
1146 2619 1187 2670 rel

114 2703 168 2749 Pan
178 2719 232 2766 pro
242 2703 316 2750 Porto
329 2701 422 2750 dictum
435 2701 543 2767 putabat.
555 2707 642 2762 Pana,
656 2719 688 2760 a,
703 2704 734 2763 3,
749 2704 764 2750 5
770 2737 777 2762 ,
791 2703 819 2750 st
833 2719 890 2751 asu.
901 2718 948 2750 aec.
963 2703 1009 2761 50,
1020 2702 1139 2760 61-64,
1150 2703 1183 2750 66

115 2785 196 2844 -68,
211 2795 332 2846 71—74,
343 2793 366 2832 et
380 2786 450 2833 rnulti
460 2785 539 2834 Codd.
553 2785 630 2836 Paris.
642 2785 730 2850 probb.
739 2787 850 2835 britann.
859 2797 884 2834 et
893 2787 972 2836 Pnlm.
983 2795 1010 2833 ut
1022 2785 1185 2846 intelligantur

114 2868 261 2934 Lupercales
273 2867 327 2914 ludi
341 2868 368 2916 in
381 2868 501 2918 bonorem
512 2871 591 2917 Panos
603 2871 656 2919 soti.
666 2873 771 2926 Panem,
784 2879 811 2928 t,
827 2871 855 2918 31
872 2868 897 2917 b.
906 2869 967 2918 Cod.
981 2869 1037 2914 Pnt.
1052 2876 1075 2914 at
1088 2866 1183 2914 Tbuan.

117 2952 528 3013 1.Pnnum,27.l'‹snnurn,lo,
545 2953 592 3013 32,
605 2963 651 3013 47,
666 2955 713 3012 48,
726 2953 773 3012 54,
786 2953 903 3010 56-60,
915 2953 965 3010 65,
986 2952 1071 3014 69,et
1084 2949 1183 3014 quidam

538 3099 641 3118 mm*
645 3099 764 3117 §imm

152 3205 625 3266 *eontunean.1‚ns·,ren0n.de
670 3223 705 3254 vs.
723 3206 772 3264 38,
790 3204 834 3254 lib.
848 3216 873 3252 et
886 3205 917 3252 ad
930 3204 1024 3254 Pbaedr.
1039 3205 1141 3265 mal,
1157 3206 1181 3252 5.

120 3283 201 3328 blutat.
212 3281 409 3345 reipubl.'llom.
426 3299 460 3332 vs.
473 3284 505 3346 39
518 3299 567 3346 aeq.
578 3284 625 3331 ibi·
708 3279 812 3330 ⁵Panis
839 3285 910 3332 etiam
937 3284 1032 3332 civibus
1057 3299 1103 3346 pro
1129 3283 1181 3330 fru-

121 3377 167 3423 que
181 3361 337 3410 Wernsdorl'.
352 3362 378 3409 in
394 3363 461 3410 l’oet.
475 3363 553 3411 latin.
567 3363 626 3410 min.
671 3375 755 3412 mento
769 3365 854 3423 datus,
867 3363 910 3412 sed
926 3365 987 3411 forte
1003 3379 1054 3412 non
1068 3373 1122 3410 ante
1134 3363 1181 3410 irn-

119 3450 176 3487 toan.
188 3441 240 3500 tn,
254 3457 309 3504 pag.
325 3443 366 3498 31,
377 3441 419 3487 32.
672 3443 766 3506 perium
784 3443 884 3502 Traiani
900 3442 966 3507 (vido
984 3442 1048 3504 lips.
1068 3441 1141 3486 Eleot.
1156 3444 1181 3500 1,

152 3525 164 3550 ¹
181 3519 247 3566 Vide
257 3519 362 3568 Casaub.
377 3519 408 3568 ad
422 3521 521 3568 Suetou.
530 3521 558 3568 in
568 3521 627 3585 Caes.
673 3521 705 3586 8)
715 3540 720 3569 :
732 3523 780 3570 nisi
794 3523 869 3582 bujus
883 3521 918 3568 rei
933 3531 1018 3568 auctor
1032 3519 1114 3582 potius
1133 3521 1183 3567 lla·

122 3609 215 3659 rom,
225 3609 251 3646 et
262 3601 289 3646 in
301 3602 366 3664 Aug.
379 3607 423 3656 4ος
435 3601 509 3649 Tacit.
521 3602 587 3650 Anu.
601 3603 626 3658 1,
672 3599 772 3650 drianns
791 3601 852 3660 fuit,
872 3599 939 3662 quod
956 3596 1083 3662 probabile
1103 3596 1132 3644 lit
1152 3615 1183 3645 ex

122 3679 159 3734 15,
169 3678 258 3742 ibique
268 3680 371 3726 Excurs.
382 3679 446 3742 bips.
671 3681 723 3740 ejns
743 3679 823 3728 edicto
838 3677 903 3741 apud
917 3679 1001 3738 Cuiac.
1017 3677 1090 3724 Obss.
1107 3679 1181 3734 XXI,

152 3748 300 3803 ³Similitsr
318 3754 447 3820 effundere
466 3772 549 3805 curam
570 3758 626 3820 sui,
672 3763 697 3808 6.
715 3759 778 3808 Inde
799 3758 942 3806 Platbnerns
963 3756 1104 3820 colligebat,
1119 3755 1183 3804 bano

116 3832 295 3882 verecudiam
307 3834 516 3888 etodiutndixere
528 3839 583 3886 Seu.
596 3837 627 3886 de
672 3839 770 3887 aatirarn
785 3836 831 3885 sub
847 3837 973 3884 Hadriano
993 3837 1105 3898 scriptam
1123 3851 1183 3882 esse.

117 3911 220 3972 1n‚11,
234 3914 280 3971 35,
293 3914 321 3962 in
335 3916 412 3980 Epist.
424 3918 463 3976 11,
474 3927 498 3963 et
508 3917 586 3966 Cicer.
595 3917 628 3964 ad
672 3917 718 3965 Sed
725 3916 800 3980 panis
809 3917 880 3964 etiam
888 3916 937 3964 boc
949 3916 1005 3964 loco
1016 3915 1046 3963 dc
1058 3915 1183 3962 frumento

116 3991 200 4038 Diria.
213 3994 241 4052 l,
255 4009 285 4056 9,
298 3994 315 4058 S
327 3996 374 4052 54.
383 3996 473 4044 Confer
483 3997 627 4046 Verusdorf.
673 3995 749 4058 accipi
759 4005 838 4058 potest
849 4004 873 4043 et
884 3997 967 4042 forsan
978 3994 1063 4052 debet,
1077 3995 1134 4056 quia
1147 3995 1182 4040 ef·

117 4069 186 4116 Poet.
195 4073 245 4118 Lat.
254 4074 314 4120 urin.
327 4084 387 4124 tom.
399 4076 443 4132 tv,
454 4091 510 4140 pap.
525 4079 583 4131 lto.
672 4073 800 4138 linguntur
809 4092 933 4124 sermones
941 4077 1023 4140 plebis
1034 4091 1065 4124 eo
1075 4085 1184 4138 tempore

149 4145 245 4200 ⁴Vide
272 4153 356 4202 Burni.
383 4153 414 4202 ad
440 4155 530 4220 sulpic.
557 4157 626 4204 Satir.
672 4154 854 4218 tisentis,qno
865 4157 967 4217 Seianus
979 4155 1060 4220 periit.
