3036 4984
337 457 399 522 162
493 453 666 522 VARIAE
689 456 920 524 LECTION
927 459 984 526 ES
1007 461 1071 526 ET
1093 462 1125 527 N
1132 460 1247 526 OTAE

224 629 226 636 ,
333 570 407 636 loni,
418 569 557 635 Cleobulo,
570 569 674 652 bianti,
688 569 862 644 Pythagoroe,
870 571 975 628 Socrsti
986 574 1098 645 aliisque
1109 573 1288 646 sapientibus,
1303 570 1338 622 sb
1349 569 1410 622 aliis

333 654 386 727 ipsi
395 653 527 726 Apollini,
541 655 584 708 vel
597 657 653 726 ejus
672 656 799 718 oraculo,
812 667 941 727 tanquam
952 659 1073 723 auctori,
1089 670 1201 729 propter
1213 655 1335 709 divinum
1351 653 1409 724 ejus

332 737 526 810 praestantiam,
544 737 682 791 tribuitur.
693 747 705 812 ¹¹
715 741 789 789 Γνῶθι
800 740 911 802 messis,
922 757 1002 793 nosce
1016 752 1042 793 te
1053 741 1156 812 ipsum,
1172 741 1193 794 si
1205 740 1310 794 discere
1320 735 1408 806 cupis,

333 819 401 892 quid
413 821 477 885 tibi,
488 819 554 892 quid
565 819 624 873 slirs
636 820 750 887 debens3
766 835 793 875 et
806 822 833 873 in
846 834 904 874 tots
914 822 969 875 sits
978 841 1028 894 nge
1037 821 1184 876 secundum
1195 823 1295 888 animi,
1310 839 1408 892 corpo·
1513 821 1514 854 l

332 905 370 956 ris
379 917 406 958 et
417 904 531 957 fortune
540 903 610 957 sires
620 923 652 957 ac
665 903 785 958 modum¹
800 904 877 957 cont.
889 905 936 976 qni
947 906 1005 958 hnc
1017 906 1169 972 illustrent,
1185 907 1323 969 Socrates,
1334 901 1407 977 spnd

333 979 1297 1064 urst.nncts.1,som.v‚ps,.cassetis,essentenpsses.
1438 977 1445 982 '

368 1129 442 1182 Vsu.
460 1135 503 1181 ιδ.
522 1133 657 1200 Figendum
672 1144 723 1196 est,
742 1134 784 1192 46.
804 1131 1028 1200 Fuitgendum,13,
1050 1152 1093 1200 19,
1112 1153 1161 1199 so,
1180 1135 1226 1198 sd,
1243 1137 1289 1196 56,
1306 1137 1349 1198 57,
1365 1135 1407 1198 59.

332 1217 405 1268 eost.
419 1233 492 1282 snpra
501 1217 532 1266 sd
541 1234 577 1268 rs.
594 1226 618 1274 t.
628 1243 660 1256 -
674 1217 785 1266 Etsbest
798 1217 828 1266 sb
843 1226 886 1280 47,
899 1221 947 1278 54,
959 1219 1000 1267 ts.

367 1311 437 1365 Nor.
457 1310 499 1362 28.
518 1312 653 1379 rependum
667 1309 752 1374 illud,
764 1311 845 1364 ultius
857 1311 948 1365 animo
959 1309 1191 1383 infigendum'est,
1204 1326 1235 1365 ut
1244 1311 1272 1364 in
1282 1331 1315 1366 eo
1324 1313 1409 1365 inbae-

230 1455 231 1458 Ἴ
332 1407 398 1450 rest.
409 1394 488 1450 Conf.
502 1393 536 1448 sd
546 1397 582 1460 V,
594 1410 635 1448 ts.
648 1426 684 1438 -
692 1397 755 1450 Vet.
768 1396 859 1450 Schol.
871 1396 899 1448 in
909 1396 1039 1450 memoris
1048 1414 1153 1467 semper
1165 1394 1333 1451 babendum.
1354 1397 1410 1450 En.

367 1542 435 1590 Vss.
454 1555 497 1604 ²9·
515 1543 605 1600 Sacro,
616 1541 658 1601 ιδ,
669 1541 712 1601 46,
721 1541 763 1601 48,
775 1541 937 1605 49,55—57,
946 1541 987 1606 59,
996 1542 1038 1590 60.

365 1634 436 1686 Nor.
457 1650 490 1702 ²9
501 1651 555 1705 seq.
574 1635 606 1686 In
617 1633 742 1686 omnibus
751 1633 813 1686 vite
824 1631 948 1706 pertibus
957 1633 1030 1687 bene
1040 1633 1198 1688 sententiam
1209 1634 1313 1688 oraculi
1324 1632 1412 1686 instar
1513 1679 1514 1702 ,

332 1717 456 1783 consule,
472 1717 547 1771 verb.
563 1735 637 1770 cens.
652 1717 680 1768 in
693 1717 872 1770 matrimoniis
881 1717 1088 1782 contrahendis,
1102 1729 1132 1770 ut
1145 1717 1195 1770 tibi
1205 1719 1297 1790 parem
1309 1717 1411 1782 duest,

330 1801 374 1856 vel
390 1801 418 1854 in
431 1799 554 1872 petendis
570 1801 736 1865 honoribus,
756 1814 786 1855 ut
804 1801 926 1874 explores
944 1814 1020 1864 ente,
1040 1819 1106 1854 num
1123 1801 1157 1855 iis
1171 1801 1284 1854 idoneus
1299 1802 1411 1874 illisque

331 1883 401 1936 bene
410 1881 630 1938 administrandis
643 1903 693 1958 pur
707 1885 751 1938 sis.
763 1915 798 1926 -
809 1889 862 1939 Sive
874 1887 1012 1956 conjuginm
1021 1905 1137 1954 quoerose
1153 1884 1183 1938 id
1196 1885 1264 1940 dixit
1274 1905 1308 1938 ex
1322 1887 1411 1939 nltero

331 1966 467 2038 Sapientis
479 1966 553 2020 dicto
561 1967 653 2036 (Ovid.
666 1970 730 2022 Her.
742 1970 798 2033 IX,
810 1969 842 2022 ln
851 1972 861 2038 )
871 1987 878 2023 :
890 1972 955 2021 srtbe
962 1972 1034 2035 pori,
1047 1969 1148 2040 Grsng.
1160 1999 1196 2011 —-
1206 1976 1312 2022 Senatus
1323 1974 1411 2038 sueri,

331 2047 490 2115 reserandi,
500 2062 530 2102 ut
541 2050 593 2122 ispi
602 2052 756 2123 σίιγιιλιιτις.ι
763 2081 798 2093 -
809 2055 840 2103 In
848 2065 923 2120 parte
934 2065 1050 2114 senatres,
1059 2064 1178 2118 senator,
1192 2072 1253 2106 esse.

367 2193 437 2244 Vsu.
457 2195 498 2243 ³0.
517 2193 573 2247 Nost
583 2185 663 2257 erint,
676 2198 718 2257 25,
728 2196 775 2256 56,
787 2197 828 2258 57,
840 2196 883 2260 59.
895 2197 983 2262 Neque
995 2196 1074 2258 enim,
1091 2197 1225 2260 27.Verba
1237 2215 1282 2246 nee
1292 2199 1354 2246 enim
1372 2201 1412 2248 Io·

330 2277 508 2328 sicam........
526 2279 663 2342 Ancrps'tem
683 2279 826 2345 parenthesi
845 2280 945 2329 inclusit
960 2280 1023 2329 sch.
1044 2280 1135 2328 Eadem
1154 2281 1230 2329 deleri
1246 2281 1313 2342 iubet
1331 2283 1411 2330 usin.

332 2362 426 2411 Neutra
435 2363 530 2410 ustione
538 2362 674 2426 quidquem
684 2362 824 2428 proficitur,
830 2374 856 2440 et
862 2364 993 2430 legendum
1003 2364 1100 2413 videtur
1104 2375 1202 2430 posent.
1210 2365 1269 2414 vid.
1275 2365 1372 2414 Comm.

368 2457 437 2510 Nor·
456 2457 505 2520 30,
522 2457 565 2510 31.
584 2456 677 2509 Verba
696 2454 872 2523 difficillime,
893 2476 953 2529 quse
971 2459 1037 2511 olim
1058 2459 1096 2512 its
1115 2459 1328 2530 interpretabar:
1344 2461 1411 2512 Non

332 2539 463 2613 petendos
478 2559 534 2594 esse
552 2540 686 2602 bonores,
703 2539 809 2593 viribus
825 2541 925 2594 nostris
942 2546 1070 2614 majores,
1086 2531 1143 2615 ipse
1162 2544 1278 2594 Thersites
1291 2541 1412 2615 (dequo

330 2624 389 2680 uid.
400 2608 531 2691 advttt,
544 2627 611 2695 ²69)
621 2624 770 2690 intellexit,
780 2626 841 2697 qui,
853 2625 974 2697 quumvis
986 2626 1171 2680 intolerantius
1183 2647 1210 2680 se
1218 2630 1341 2699 jactaret,
1353 2647 1412 2680 non

331 2721 420 2762 temen
436 2708 474 2761 itu
486 2709 627 2762 immemor
641 2707 692 2760 suit
705 2726 759 2760 sues
771 2708 910 2762 tenuitatis
922 2721 949 2761 et
961 2709 1090 2779 ignavie,
1105 2721 1136 2763 ut
1151 2713 1253 2761 loricam
1264 2721 1291 2763 et
1303 2710 1414 2782 reliqna

330 2794 434 2844 Actitts's
446 2809 522 2846 erma
530 2807 653 2859 posceret,
665 2794 803 2862 inquibus,
822 2791 921 2863 quibus
936 2790 1063 2856 indutus,
1076 2792 1132 2864 ipse
1147 2797 1244 2858 Ulysses
1256 2812 1283 2843 se
1292 2797 1412 2843 transdu-

331 2880 411 2940 cebat,
422 2895 450 2929 se
458 2875 621 2938 videndum,
632 2876 675 2930 vel
684 2876 775 2947 potius
786 2895 814 2930 se
822 2875 968 2930 ridendum
979 2877 1116 2947 prebebat
1127 2873 1194 2946 (vid.
1209 2875 1243 2928 nd
1253 2876 1341 2938 VIII,
1351 2878 1413 2945 17);

331 2978 394 3012 nem
407 2972 488 3032 poeta
498 2957 573 3012 bsud
586 2957 668 3012 dubie
685 2959 803 3030 respexit
818 2960 1017 3012 contentionem
1031 2961 1143 3014 heroum
1157 2958 1191 3012 de
1204 2959 1284 3012 ermis
1296 2959 1414 3012 Achillis
1433 3014 1435 3023 ,

345 3041 380 3095 de
390 3060 444 3113 qun
455 3040 511 3095 vid.
522 3060 602 3114 supra
617 3039 652 3095 sd
663 3041 738 3108 Vll,
755 3043 817 3107 115,
833 3057 860 3096 et
874 3043 915 3106 X,
932 3045 979 3106 64,
994 3043 1043 3111 85)
1053 3043 1206 3115 innuitque,
1220 3043 1277 3095 hec
1288 3061 1362 3094 anns
1375 3062 1414 3096 ne

332 3126 458 3196 Ulyssem
470 3123 581 3196 quidem
593 3123 729 3188 decuisse,
744 3144 778 3178 rte
790 3126 864 3178 bunc
878 3124 987 3197 quidem
1001 3126 1033 3179 iis
1052 3125 1187 3198 gestandis
1199 3144 1292 3196 parem
1311 3125 1413 3190 fuisse,

330 3209 374 3261 rel
384 3209 438 3260 hoc
452 3208 556 3260 honore
566 3206 687 3278 dignum.
701 3209 797 3280 Neque
810 3210 901 3262 obstat
910 3249 917 3273 ,
927 3209 1001 3280 qnod
1011 3212 1077 3264 sch.
1093 3211 1227 3266 obvertit:
1238 3211 1358 3263 -nuttibi
1369 3211 1414 3264 le-

330 3291 434 3360 gimus,
449 3289 575 3361 Ulyssem
590 3307 606 3342 a
626 3288 727 3342 Grecis
741 3301 852 3362 propter
865 3291 919 3343 hoc
932 3291 1048 3348 derisum
1068 3293 1162 3356 luisse,
1179 3293 1222 3345 vel
1238 3291 1321 3346 etiem
1335 3291 1413 3346 deri·

330 3375 389 3428 deri
402 3372 542 3436 debuisse,
556 3391 639 3444 quum
656 3373 764 3445 ipsimet
775 3373 852 3426 illum
864 3372 953 3426 Greci
969 3387 1063 3446 sponte
1080 3395 1143 3442 sus,
1154 3387 1180 3428 et
1193 3376 1222 3429 in
1235 3375 1413 3430 commenda-

330 3458 431 3512 tionem
442 3475 550 3510 susrnm
563 3457 641 3528 (ejus)
651 3456 782 3510 virtutum
793 3458 872 3510 etiam
885 3457 959 3528 Ajsci
968 3458 1160 3529 pretulerint.·
1172 3460 1237 3514 Sole
1246 3461 1412 3532 eloquentie

218 3535 220 3540 ¹
329 3543 370 3598 vis
384 3543 413 3596 in
428 3541 534 3616 judicio
552 3538 600 3592 illo
615 3540 692 3605 vicit,
709 3553 736 3594 et
751 3541 872 3612 superior
888 3540 1051 3600 discessisset
1068 3544 1147 3615 siju,
1163 3545 1184 3597 si
1197 3557 1249 3597 tem
1264 3558 1412 3616 promptus
1513 3531 1514 3564 ³

329 3626 441 3698 lingue,
460 3643 541 3696 qnam
559 3642 640 3678 manu
658 3624 748 3676 fuisset
765 3641 772 3675 ε
790 3623 864 3695 quod
882 3637 962 3696 poete
982 3625 1143 3696 significasse
1160 3629 1275 3682 videtur.
1297 3629 1412 3682 Sufficit

329 3713 411 3766 etism
422 3751 429 3775 ,
439 3711 513 3764 bunc
526 3709 562 3762 its
572 3721 598 3762 et
609 3722 681 3764 recte
694 3707 803 3781 quidem
814 3707 957 3780 judicasse.
979 3709 1031 3763 Sed
1044 3711 1119 3764 locus
1131 3726 1222 3765 noster
1235 3713 1295 3765 eliis
1305 3713 1411 3784 premi·

329 3806 374 3848 tur
387 3793 601 3849 difficultatibus.
617 3795 657 3846 Ut
675 3793 747 3846 enim
763 3804 883 3858 taceam,
905 3791 943 3848 its
956 3813 1012 3846 non
1025 3793 1088 3848 setis
1102 3796 1245 3850 convenire
1260 3795 1344 3852 rerba
1359 3817 1410 3848 nes:

750 3959 982 3980 mmmmm

368 4075 376 4100 ¹
396 4069 467 4120 Cont'.
485 4069 590 4134 Diogen.
605 4072 685 4117 Lsert.
699 4072 726 4129 13
740 4071 792 4120 Cic.
812 4071 843 4119 sd
925 4072 1075 4120 ¹Videstur
1096 4073 1232 4138 Spsubem,
1255 4074 1286 4122 de
1306 4075 1361 4122 Usu
1380 4085 1411 4121 et

330 4153 421 4215 Qnaest.
433 4153 472 4199 Fr.
485 4153 539 4208 111,
554 4153 579 4210 6,
590 4161 615 4200 et
629 4153 700 4198 Tusc.
710 4153 800 4213 Quaest
817 4153 844 4210 1,
888 4163 1012 4217 praestent.
1035 4169 1104 4202 num.
1125 4154 1285 4215 Dissertatio,
1301 4155 1332 4212 V,
1351 4169 1410 4218 pag.

329 4230 401 4297 ss,§
411 4231 459 4290 tm
472 4231 594 4282 Herdoiu.
606 4231 637 4280 ad
651 4231 715 4280 Plin.
725 4232 843 4309 V11,ds.
890 4241 939 4289 trs
957 4247 1013 4296 seq..
