<?xml version="1.0" encoding="UTF-8"?>
<!DOCTYPE html PUBLIC "-//W3C//DTD XHTML 1.0 Transitional//EN"
    "http://www.w3.org/TR/xhtml1/DTD/xhtml1-transitional.dtd">
<html xmlns="http://www.w3.org/1999/xhtml" xml:lang="en" lang="en">
 <head>
  <title>
</title>
<meta http-equiv="Content-Type" content="text/html;charset=utf-8" />
  <meta name='ocr-system' content='tesseract 3.04.00' />
  <meta name='ocr-capabilities' content='ocr_page ocr_carea ocr_par ocr_line ocrx_word'/>
</head>
<body>
  <div class='ocr_page' id='page_1' title='image "./sexdecimsatir02lemagoog_0025.png"; bbox 0 0 3074 4990; ppageno 0'>
   <div class='ocr_carea' id='block_1_1' title="bbox 362 375 1268 458">
    <p class='ocr_par' dir='ltr' id='par_1_1' title="bbox 362 375 1268 458">
     <span class='ocr_line' id='line_1_1' title="bbox 362 375 1268 458; baseline 0.003 -16"><span class='ocrx_word' id='word_1_1' title='bbox 362 383 400 458; x_wconf 71' lang='lat'><strong>14</strong></span> <span class='ocrx_word' id='word_1_2' title='bbox 517 375 689 443; x_wconf 79' lang='lat' dir='ltr'><strong>VARIAE</strong></span> <span class='ocrx_word' id='word_1_3' title='bbox 711 376 1004 442; x_wconf 84' lang='lat' dir='ltr'><strong>LECTIONES</strong></span> <span class='ocrx_word' id='word_1_4' title='bbox 1026 377 1090 442; x_wconf 84' lang='lat' dir='ltr'><strong>ET</strong></span> <span class='ocrx_word' id='word_1_5' title='bbox 1111 379 1268 445; x_wconf 81' lang='lat' dir='ltr'>NOTAE</span> 
     </span>
    </p>
   </div>
   <div class='ocr_carea' id='block_1_2' title="bbox 358 487 1532 566">
    <p class='ocr_par' dir='ltr' id='par_1_2' title="bbox 358 487 1532 566">
     <span class='ocr_line' id='line_1_2' title="bbox 358 487 1532 566; baseline -0.008 -21"><span class='ocrx_word' id='word_1_6' title='bbox 358 491 489 566; x_wconf 75' lang='lat' dir='ltr'><strong>questum</strong></span> <span class='ocrx_word' id='word_1_7' title='bbox 508 489 586 550; x_wconf 85' lang='lat' dir='ltr'><strong>fecit,</strong></span> <span class='ocrx_word' id='word_1_8' title='bbox 607 501 639 542; x_wconf 91' lang='lat' dir='ltr'><strong>ut</strong></span> <span class='ocrx_word' id='word_1_9' title='bbox 658 501 686 543; x_wconf 90' lang='lat' dir='ltr'><strong>et</strong></span> <span class='ocrx_word' id='word_1_10' title='bbox 702 487 869 562; x_wconf 72' lang='lat' dir='ltr'><strong>pyramidem</strong></span> <span class='ocrx_word' id='word_1_11' title='bbox 888 490 1023 544; x_wconf 78' lang='lat' dir='ltr'>curaverit</span> <span class='ocrx_word' id='word_1_12' title='bbox 1040 492 1243 558; x_wconf 88' lang='lat' dir='ltr'><strong>exstruendam,</strong></span> <span class='ocrx_word' id='word_1_13' title='bbox 1260 503 1288 546; x_wconf 86' lang='lat' dir='ltr'><strong>et</strong></span> <span class='ocrx_word' id='word_1_14' title='bbox 1309 487 1424 544; x_wconf 82' lang='lat' dir='ltr'><strong>donaria</strong></span> <span class='ocrx_word' id='word_1_15' title='bbox 1531 531 1532 536; x_wconf 75' lang='grc'>,</span> 
     </span>
    </p>
   </div>
   <div class='ocr_carea' id='block_1_3' title="bbox 358 570 1423 646">
    <p class='ocr_par' dir='ltr' id='par_1_3' title="bbox 358 570 1423 646">
     <span class='ocr_line' id='line_1_3' title="bbox 358 570 1423 646; baseline -0.008 -15"><span class='ocrx_word' id='word_1_16' title='bbox 358 575 479 646; x_wconf 87' lang='lat' dir='ltr'><strong>Delphos</strong></span> <span class='ocrx_word' id='word_1_17' title='bbox 498 572 612 637; x_wconf 74' lang='lat' dir='ltr'><strong>miserit3</strong></span> <span class='ocrx_word' id='word_1_18' title='bbox 630 570 686 626; x_wconf 77' lang='lat' dir='ltr'><strong>vid.</strong></span> <span class='ocrx_word' id='word_1_19' title='bbox 709 571 840 626; x_wconf 83' lang='lat' dir='ltr'><strong>llemdot</strong></span> <span class='ocrx_word' id='word_1_20' title='bbox 860 573 902 635; x_wconf 84' lang='lat'><strong>11,</strong></span> <span class='ocrx_word' id='word_1_21' title='bbox 924 575 988 638; x_wconf 70' lang='lat'><strong>134,</strong></span> <span class='ocrx_word' id='word_1_22' title='bbox 1009 574 1070 640; x_wconf 74' lang='lat'><strong>13⁵3</strong></span> <span class='ocrx_word' id='word_1_23' title='bbox 1088 575 1214 630; x_wconf 80' lang='lat' dir='ltr'><strong>strabon.</strong></span> <span class='ocrx_word' id='word_1_24' title='bbox 1231 577 1330 641; x_wconf 73' lang='lat' dir='ltr'><strong>xvn,</strong></span> <span class='ocrx_word' id='word_1_25' title='bbox 1351 573 1423 627; x_wconf 85' lang='lat' dir='ltr'><strong>Plio.</strong></span> 
     </span>
    </p>
   </div>
   <div class='ocr_carea' id='block_1_4' title="bbox 357 645 1532 724">
    <p class='ocr_par' dir='ltr' id='par_1_4' title="bbox 357 645 1532 724">
     <span class='ocr_line' id='line_1_4' title="bbox 357 645 1532 724; baseline -0.004 -11"><span class='ocrx_word' id='word_1_26' title='bbox 357 659 495 721; x_wconf 84' lang='lat' dir='ltr'>XXXVI,</span> <span class='ocrx_word' id='word_1_27' title='bbox 510 671 541 708; x_wconf 83' lang='lat' dir='ltr'><strong>ta</strong></span> <span class='ocrx_word' id='word_1_28' title='bbox 561 655 625 724; x_wconf 90' lang='lat' dir='ltr'><strong>(ubi</strong></span> <span class='ocrx_word' id='word_1_29' title='bbox 640 657 772 722; x_wconf 65' lang='lat' dir='ltr'><strong>thope,</strong></span> <span class='ocrx_word' id='word_1_30' title='bbox 792 673 860 716; x_wconf 89' lang='lat' dir='ltr'><strong>uon,</strong></span> <span class='ocrx_word' id='word_1_31' title='bbox 875 667 905 708; x_wconf 91' lang='lat' dir='ltr'><strong>ut</strong></span> <span class='ocrx_word' id='word_1_32' title='bbox 917 656 1031 722; x_wconf 78' lang='lat' dir='ltr'><strong>Grecis,</strong></span> <span class='ocrx_word' id='word_1_33' title='bbox 1049 651 1157 719; x_wconf 68' lang='lat' dir='ltr'><strong>ledum:</strong></span> <span class='ocrx_word' id='word_1_34' title='bbox 1171 672 1298 722; x_wconf 74' lang='lat' dir='ltr'><strong>vocatur-3</strong></span> <span class='ocrx_word' id='word_1_35' title='bbox 1311 651 1423 714; x_wconf 60' lang='grc' dir='ltr'><strong>Ῥοδόπας</strong></span> <span class='ocrx_word' id='word_1_36' title='bbox 1525 645 1532 696; x_wconf 73' lang='lat' dir='ltr'><strong>l</strong></span> 
     </span>
    </p>
   </div>
   <div class='ocr_carea' id='block_1_5' title="bbox 353 736 1438 3840">
    <p class='ocr_par' dir='ltr' id='par_1_5' title="bbox 356 736 1424 1058">
     <span class='ocr_line' id='line_1_5' title="bbox 357 736 1424 813; baseline -0.004 -19"><span class='ocrx_word' id='word_1_37' title='bbox 357 743 434 806; x_wconf 80' lang='grc' dir='ltr'><strong>τινὰς,</strong></span> <span class='ocrx_word' id='word_1_38' title='bbox 447 738 521 813; x_wconf 90' lang='lat' dir='ltr'><strong>apud</strong></span> <span class='ocrx_word' id='word_1_39' title='bbox 537 737 649 792; x_wconf 89' lang='lat' dir='ltr'><strong>Lucian.</strong></span> <span class='ocrx_word' id='word_1_40' title='bbox 663 736 698 791; x_wconf 92' lang='lat' dir='ltr'><strong>de</strong></span> <span class='ocrx_word' id='word_1_41' title='bbox 711 737 805 791; x_wconf 88' lang='lat' dir='ltr'><strong>Saltat.</strong></span> <span class='ocrx_word' id='word_1_42' title='bbox 819 755 878 810; x_wconf 90' lang='lat' dir='ltr'><strong>cap.</strong></span> <span class='ocrx_word' id='word_1_43' title='bbox 900 739 944 806; x_wconf 82' lang='lat'><strong>2);</strong></span> <span class='ocrx_word' id='word_1_44' title='bbox 962 753 989 792; x_wconf 94' lang='lat' dir='ltr'><strong>et</strong></span> <span class='ocrx_word' id='word_1_45' title='bbox 1001 741 1100 795; x_wconf 82' lang='lat' dir='ltr'><strong>AEliau.</strong></span> <span class='ocrx_word' id='word_1_46' title='bbox 1114 743 1150 794; x_wconf 86' lang='lat' dir='ltr'><strong>V.</strong></span> <span class='ocrx_word' id='word_1_47' title='bbox 1164 743 1200 796; x_wconf 85' lang='lat' dir='ltr'><strong>ll.</strong></span> <span class='ocrx_word' id='word_1_48' title='bbox 1214 743 1298 806; x_wconf 88' lang='lat' dir='ltr'><strong>XIll,</strong></span> <span class='ocrx_word' id='word_1_49' title='bbox 1313 742 1360 804; x_wconf 80' lang='lat'><strong>33,</strong></span> <span class='ocrx_word' id='word_1_50' title='bbox 1375 739 1424 792; x_wconf 91' lang='lat' dir='ltr'><strong>ubi</strong></span> 
     </span>
     <span class='ocr_line' id='line_1_6' title="bbox 356 823 1424 896; baseline -0.005 -17"><span class='ocrx_word' id='word_1_51' title='bbox 356 827 391 879; x_wconf 88' lang='lat' dir='ltr'><strong>cl.</strong></span> <span class='ocrx_word' id='word_1_52' title='bbox 404 824 527 878; x_wconf 85' lang='lat' dir='ltr'><strong>Perizon.</strong></span> <span class='ocrx_word' id='word_1_53' title='bbox 547 823 672 888; x_wconf 77' lang='lat' dir='ltr'><strong>lllmdapes</strong></span> <span class='ocrx_word' id='word_1_54' title='bbox 685 823 787 890; x_wconf 77' lang='lat' dir='ltr'><strong>inguim</strong></span> <span class='ocrx_word' id='word_1_55' title='bbox 803 835 893 884; x_wconf 79' lang='lat' dir='ltr'><strong>terere,</strong></span> <span class='ocrx_word' id='word_1_56' title='bbox 906 836 936 874; x_wconf 88' lang='lat' dir='ltr'><strong>nt</strong></span> <span class='ocrx_word' id='word_1_57' title='bbox 950 827 1069 886; x_wconf 74' lang='lat' dir='ltr'><strong>lambere,</strong></span> <span class='ocrx_word' id='word_1_58' title='bbox 1084 829 1192 896; x_wconf 67' lang='lat' dir='ltr'><strong>lingere,</strong></span> <span class='ocrx_word' id='word_1_59' title='bbox 1198 829 1309 896; x_wconf 78' lang='lat' dir='ltr'><strong>fellere,</strong></span> <span class='ocrx_word' id='word_1_60' title='bbox 1322 825 1424 892; x_wconf 79' lang='grc' dir='ltr'><strong>λιίχιιν,</strong></span> 
     </span>
     <span class='ocr_line' id='line_1_7' title="bbox 356 900 1423 976; baseline -0.001 -17"><span class='ocrx_word' id='word_1_61' title='bbox 356 913 406 960; x_wconf 76' lang='lat' dir='ltr'><strong>uda</strong></span> <span class='ocrx_word' id='word_1_62' title='bbox 419 911 496 960; x_wconf 68' lang='lat' dir='ltr'><strong>bam</strong></span> <span class='ocrx_word' id='word_1_63' title='bbox 507 905 662 960; x_wconf 69' lang='lat' dir='ltr'><strong>obscaenum</strong></span> <span class='ocrx_word' id='word_1_64' title='bbox 674 900 795 958; x_wconf 80' lang='lat' dir='ltr'><strong>libidinis</strong></span> <span class='ocrx_word' id='word_1_65' title='bbox 807 923 898 976; x_wconf 80' lang='lat' dir='ltr'><strong>genus.</strong></span> <span class='ocrx_word' id='word_1_66' title='bbox 909 904 976 958; x_wconf 83' lang='lat' dir='ltr'><strong>vid.</strong></span> <span class='ocrx_word' id='word_1_67' title='bbox 989 908 1031 970; x_wconf 89' lang='lat'><strong>11,</strong></span> <span class='ocrx_word' id='word_1_68' title='bbox 1047 915 1096 975; x_wconf 70' lang='lat'><strong>493</strong></span> <span class='ocrx_word' id='word_1_69' title='bbox 1111 909 1209 961; x_wconf 88' lang='lat' dir='ltr'><strong>Catull.</strong></span> <span class='ocrx_word' id='word_1_70' title='bbox 1222 909 1340 972; x_wconf 82' lang='lat' dir='ltr'>LXXX,</span> <span class='ocrx_word' id='word_1_71' title='bbox 1353 907 1423 972; x_wconf 79' lang='lat'><strong>6,8;</strong></span> 
     </span>
     <span class='ocr_line' id='line_1_8' title="bbox 357 987 1146 1058; baseline -0.004 -12"><span class='ocrx_word' id='word_1_72' title='bbox 357 987 1146 1058; x_wconf 75' lang='lat' dir='ltr'><strong>Mantal.1,9,1;1‚7s,6;11‚50;111,a1;vn‚66.</strong></span> 
     </span>
    </p>

    <p class='ocr_par' dir='ltr' id='par_1_6' title="bbox 353 1085 1436 3498">
     <span class='ocr_line' id='line_1_9' title="bbox 391 1085 1424 1152; baseline -0.004 -11"><span class='ocrx_word' id='word_1_73' title='bbox 391 1091 462 1142; x_wconf 79' lang='lat' dir='ltr'><strong>Nor.</strong></span> <span class='ocrx_word' id='word_1_74' title='bbox 484 1086 509 1140; x_wconf 80' lang='lat'><strong>5.</strong></span> <span class='ocrx_word' id='word_1_75' title='bbox 529 1085 675 1152; x_wconf 83' lang='lat' dir='ltr'><strong>Quomodo</strong></span> <span class='ocrx_word' id='word_1_76' title='bbox 687 1085 733 1138; x_wconf 88' lang='lat' dir='ltr'><strong>bic</strong></span> <span class='ocrx_word' id='word_1_77' title='bbox 746 1104 836 1138; x_wconf 86' lang='lat' dir='ltr'><strong>versus</strong></span> <span class='ocrx_word' id='word_1_78' title='bbox 850 1105 913 1139; x_wconf 89' lang='lat' dir='ltr'><strong>cum</strong></span> <span class='ocrx_word' id='word_1_79' title='bbox 928 1085 1070 1140; x_wconf 84' lang='lat' dir='ltr'><strong>antecedd.</strong></span> <span class='ocrx_word' id='word_1_80' title='bbox 1085 1087 1220 1140; x_wconf 78' lang='lat' dir='ltr'><strong>cohaeret?</strong></span> <span class='ocrx_word' id='word_1_81' title='bbox 1237 1085 1369 1141; x_wconf 82' lang='lat' dir='ltr'><strong>Nonnulli</strong></span> <span class='ocrx_word' id='word_1_82' title='bbox 1384 1085 1424 1139; x_wconf 92' lang='lat' dir='ltr'><strong>sic</strong></span> 
     </span>
     <span class='ocr_line' id='line_1_10' title="bbox 355 1169 1425 1244; baseline -0.004 -19"><span class='ocrx_word' id='word_1_83' title='bbox 355 1169 503 1244; x_wconf 71' lang='lat' dir='ltr'><strong>upedinut</strong></span> <span class='ocrx_word' id='word_1_84' title='bbox 511 1188 627 1223; x_wconf 68' lang='lat' dir='ltr'><strong>unum:</strong></span> <span class='ocrx_word' id='word_1_85' title='bbox 640 1172 702 1222; x_wconf 87' lang='lat' dir='ltr'><strong>Non</strong></span> <span class='ocrx_word' id='word_1_86' title='bbox 714 1171 812 1222; x_wconf 88' lang='lat' dir='ltr'><strong>mirum</strong></span> <span class='ocrx_word' id='word_1_87' title='bbox 825 1182 880 1236; x_wconf 87' lang='lat' dir='ltr'><strong>est,</strong></span> <span class='ocrx_word' id='word_1_88' title='bbox 891 1169 1037 1232; x_wconf 81' lang='lat' dir='ltr'><strong>Rarolam,</strong></span> <span class='ocrx_word' id='word_1_89' title='bbox 1046 1169 1091 1225; x_wconf 77' lang='lat' dir='ltr'><strong>rel</strong></span> <span class='ocrx_word' id='word_1_90' title='bbox 1106 1184 1132 1224; x_wconf 90' lang='lat' dir='ltr'><strong>te</strong></span> <span class='ocrx_word' id='word_1_91' title='bbox 1144 1172 1248 1243; x_wconf 85' lang='lat' dir='ltr'><strong>ipsum,</strong></span> <span class='ocrx_word' id='word_1_92' title='bbox 1258 1171 1281 1222; x_wconf 91' lang='lat' dir='ltr'><strong>si</strong></span> <span class='ocrx_word' id='word_1_93' title='bbox 1293 1171 1347 1222; x_wconf 89' lang='lat' dir='ltr'><strong>tale</strong></span> <span class='ocrx_word' id='word_1_94' title='bbox 1356 1169 1425 1222; x_wconf 80' lang='lat' dir='ltr'><strong>laci·</strong></span> 
     </span>
     <span class='ocr_line' id='line_1_11' title="bbox 356 1252 1426 1325; baseline -0.005 -16"><span class='ocrx_word' id='word_1_95' title='bbox 356 1275 407 1309; x_wconf 89' lang='lat' dir='ltr'><strong>uus</strong></span> <span class='ocrx_word' id='word_1_96' title='bbox 423 1253 604 1318; x_wconf 85' lang='lat' dir='ltr'><strong>commiseris,</strong></span> <span class='ocrx_word' id='word_1_97' title='bbox 620 1255 724 1308; x_wconf 71' lang='lat' dir='ltr'><strong>uistem</strong></span> <span class='ocrx_word' id='word_1_98' title='bbox 740 1271 797 1307; x_wconf 82' lang='lat' dir='ltr'><strong>esse</strong></span> <span class='ocrx_word' id='word_1_99' title='bbox 813 1253 851 1306; x_wconf 90' lang='lat' dir='ltr'><strong>ob</strong></span> <span class='ocrx_word' id='word_1_100' title='bbox 868 1271 990 1325; x_wconf 72' lang='lat' dir='ltr'><strong>punam,</strong></span> <span class='ocrx_word' id='word_1_101' title='bbox 1014 1271 1097 1325; x_wconf 87' lang='lat' dir='ltr'><strong>quam</strong></span> <span class='ocrx_word' id='word_1_102' title='bbox 1115 1252 1239 1317; x_wconf 86' lang='lat' dir='ltr'><strong>dederis,</strong></span> <span class='ocrx_word' id='word_1_103' title='bbox 1258 1253 1302 1308; x_wconf 80' lang='lat' dir='ltr'><strong>rel</strong></span> <span class='ocrx_word' id='word_1_104' title='bbox 1318 1269 1426 1325; x_wconf 81' lang='lat' dir='ltr'><strong>poenam</strong></span> 
     </span>
     <span class='ocr_line' id='line_1_12' title="bbox 355 1335 1427 1411; baseline -0.005 -18"><span class='ocrx_word' id='word_1_105' title='bbox 355 1353 485 1401; x_wconf 85' lang='lat' dir='ltr'><strong>metuere,</strong></span> <span class='ocrx_word' id='word_1_106' title='bbox 497 1355 581 1409; x_wconf 92' lang='lat' dir='ltr'><strong>quum</strong></span> <span class='ocrx_word' id='word_1_107' title='bbox 594 1337 675 1390; x_wconf 88' lang='lat' dir='ltr'><strong>etiam</strong></span> <span class='ocrx_word' id='word_1_108' title='bbox 687 1338 756 1392; x_wconf 82' lang='lat' dir='ltr'><strong>servi</strong></span> <span class='ocrx_word' id='word_1_109' title='bbox 766 1355 820 1390; x_wconf 90' lang='lat' dir='ltr'><strong>non</strong></span> <span class='ocrx_word' id='word_1_110' title='bbox 833 1336 886 1390; x_wconf 88' lang='lat' dir='ltr'><strong>nisi</strong></span> <span class='ocrx_word' id='word_1_111' title='bbox 896 1335 1031 1390; x_wconf 84' lang='lat' dir='ltr'><strong>dulciaria</strong></span> <span class='ocrx_word' id='word_1_112' title='bbox 1042 1338 1193 1393; x_wconf 81' lang='lat' dir='ltr'><strong>lambentes</strong></span> <span class='ocrx_word' id='word_1_113' title='bbox 1201 1339 1357 1411; x_wconf 83' lang='lat' dir='ltr'><strong>puniantur.</strong></span> <span class='ocrx_word' id='word_1_114' title='bbox 1371 1336 1427 1388; x_wconf 77' lang='lat' dir='ltr'><strong>Alii</strong></span> 
     </span>
     <span class='ocr_line' id='line_1_13' title="bbox 355 1420 1425 1497; baseline -0.003 -20"><span class='ocrx_word' id='word_1_115' title='bbox 355 1433 490 1497; x_wconf 77' lang='lat' dir='ltr'><strong>praeeunte</strong></span> <span class='ocrx_word' id='word_1_116' title='bbox 501 1420 593 1475; x_wconf 89' lang='lat' dir='ltr'><strong>Sebol.</strong></span> <span class='ocrx_word' id='word_1_117' title='bbox 608 1420 659 1475; x_wconf 87' lang='lat' dir='ltr'><strong>ita:</strong></span> <span class='ocrx_word' id='word_1_118' title='bbox 668 1440 759 1482; x_wconf 81' lang='lat' dir='ltr'><strong>servo,</strong></span> <span class='ocrx_word' id='word_1_119' title='bbox 774 1420 912 1492; x_wconf 78' lang='lat' dir='ltr'>placentas</span> <span class='ocrx_word' id='word_1_120' title='bbox 923 1421 1067 1486; x_wconf 74' lang='lat' dir='ltr'><strong>lambenti,</strong></span> <span class='ocrx_word' id='word_1_121' title='bbox 1082 1423 1227 1495; x_wconf 77' lang='lat' dir='ltr'><strong>colaphum</strong></span> <span class='ocrx_word' id='word_1_122' title='bbox 1237 1422 1425 1494; x_wconf 68' lang='lat' dir='ltr'><strong>impingimus;</strong></span> 
     </span>
     <span class='ocr_line' id='line_1_14' title="bbox 356 1503 1425 1579; baseline -0.004 -17"><span class='ocrx_word' id='word_1_123' title='bbox 356 1522 383 1563; x_wconf 88' lang='lat' dir='ltr'><strong>at</strong></span> <span class='ocrx_word' id='word_1_124' title='bbox 395 1509 530 1579; x_wconf 71' lang='lat' dir='ltr'><strong>ingenuo,</strong></span> <span class='ocrx_word' id='word_1_125' title='bbox 543 1505 702 1559; x_wconf 80' lang='lat' dir='ltr'><strong>feminarum</strong></span> <span class='ocrx_word' id='word_1_126' title='bbox 713 1505 841 1558; x_wconf 76' lang='lat' dir='ltr'><strong>lambenti</strong></span> <span class='ocrx_word' id='word_1_127' title='bbox 850 1503 974 1574; x_wconf 74' lang='lat' dir='ltr'><strong>inguina,</strong></span> <span class='ocrx_word' id='word_1_128' title='bbox 983 1504 1037 1559; x_wconf 93' lang='lat' dir='ltr'><strong>hoc</strong></span> <span class='ocrx_word' id='word_1_129' title='bbox 1046 1519 1102 1570; x_wconf 87' lang='lat' dir='ltr'><strong>est,</strong></span> <span class='ocrx_word' id='word_1_130' title='bbox 1113 1507 1230 1570; x_wconf 83' lang='lat' dir='ltr'><strong>lellanti,</strong></span> <span class='ocrx_word' id='word_1_131' title='bbox 1242 1507 1425 1578; x_wconf 74' lang='lat' dir='ltr'><strong>ignoscimus:</strong></span> 
     </span>
     <span class='ocr_line' id='line_1_15' title="bbox 355 1587 1427 1661; baseline -0.003 -16"><span class='ocrx_word' id='word_1_132' title='bbox 355 1590 478 1660; x_wconf 75' lang='lat' dir='ltr'><strong>adeoque</strong></span> <span class='ocrx_word' id='word_1_133' title='bbox 489 1600 604 1654; x_wconf 90' lang='lat' dir='ltr'><strong>nonest,</strong></span> <span class='ocrx_word' id='word_1_134' title='bbox 618 1587 692 1660; x_wconf 92' lang='lat' dir='ltr'><strong>quod</strong></span> <span class='ocrx_word' id='word_1_135' title='bbox 703 1587 844 1659; x_wconf 78' lang='lat' dir='ltr'><strong>turpitudo</strong></span> <span class='ocrx_word' id='word_1_136' title='bbox 855 1588 947 1661; x_wconf 85' lang='lat' dir='ltr'><strong>aliqua</strong></span> <span class='ocrx_word' id='word_1_137' title='bbox 954 1588 1068 1661; x_wconf 86' lang='lat' dir='ltr'><strong>pudoris</strong></span> <span class='ocrx_word' id='word_1_138' title='bbox 1078 1591 1128 1644; x_wconf 88' lang='lat' dir='ltr'><strong>tibi</strong></span> <span class='ocrx_word' id='word_1_139' title='bbox 1136 1610 1232 1646; x_wconf 82' lang='lat' dir='ltr'><strong>caussa</strong></span> <span class='ocrx_word' id='word_1_140' title='bbox 1244 1591 1279 1643; x_wconf 87' lang='lat' dir='ltr'><strong>sit</strong></span> <span class='ocrx_word' id='word_1_141' title='bbox 1288 1603 1336 1644; x_wconf 88' lang='lat' dir='ltr'><strong>aut</strong></span> <span class='ocrx_word' id='word_1_142' title='bbox 1345 1591 1427 1642; x_wconf 91' lang='lat' dir='ltr'><strong>timo·</strong></span> 
     </span>
     <span class='ocr_line' id='line_1_16' title="bbox 355 1672 1427 1746; baseline -0.003 -19"><span class='ocrx_word' id='word_1_143' title='bbox 355 1676 400 1727; x_wconf 91' lang='lat' dir='ltr'><strong>ris.</strong></span> <span class='ocrx_word' id='word_1_144' title='bbox 423 1673 501 1726; x_wconf 82' lang='lat' dir='ltr'><strong>Conl.</strong></span> <span class='ocrx_word' id='word_1_145' title='bbox 518 1673 573 1737; x_wconf 89' lang='lat' dir='ltr'><strong>XI,</strong></span> <span class='ocrx_word' id='word_1_146' title='bbox 595 1679 643 1742; x_wconf 70' lang='lat'><strong>174</strong></span> <span class='ocrx_word' id='word_1_147' title='bbox 661 1691 716 1744; x_wconf 89' lang='lat' dir='ltr'><strong>seq.</strong></span> <span class='ocrx_word' id='word_1_148' title='bbox 736 1673 814 1726; x_wconf 84' lang='lat' dir='ltr'><strong>Hanc</strong></span> <span class='ocrx_word' id='word_1_149' title='bbox 833 1672 966 1725; x_wconf 85' lang='lat' dir='ltr'><strong>rationem</strong></span> <span class='ocrx_word' id='word_1_150' title='bbox 984 1673 1026 1727; x_wconf 87' lang='lat' dir='ltr'><strong>illi</strong></span> <span class='ocrx_word' id='word_1_151' title='bbox 1041 1675 1221 1746; x_wconf 77' lang='lat' dir='ltr'><strong>praetulerim,</strong></span> <span class='ocrx_word' id='word_1_152' title='bbox 1243 1673 1295 1727; x_wconf 89' lang='lat' dir='ltr'><strong>etsi</strong></span> <span class='ocrx_word' id='word_1_153' title='bbox 1312 1686 1427 1746; x_wconf 88' lang='lat' dir='ltr'><strong>utraque</strong></span> 
     </span>
     <span class='ocr_line' id='line_1_17' title="bbox 356 1754 1429 1830; baseline -0.002 -20"><span class='ocrx_word' id='word_1_154' title='bbox 356 1756 425 1810; x_wconf 89' lang='lat' dir='ltr'><strong>dura</strong></span> <span class='ocrx_word' id='word_1_155' title='bbox 437 1767 493 1820; x_wconf 91' lang='lat' dir='ltr'><strong>est,</strong></span> <span class='ocrx_word' id='word_1_156' title='bbox 508 1769 534 1808; x_wconf 89' lang='lat' dir='ltr'><strong>et</strong></span> <span class='ocrx_word' id='word_1_157' title='bbox 549 1773 657 1809; x_wconf 87' lang='lat' dir='ltr'><strong>versum</strong></span> <span class='ocrx_word' id='word_1_158' title='bbox 672 1755 728 1808; x_wconf 83' lang='lat' dir='ltr'><strong>lere</strong></span> <span class='ocrx_word' id='word_1_159' title='bbox 741 1754 872 1809; x_wconf 71' lang='lat' dir='ltr'><strong>excidisse</strong></span> <span class='ocrx_word' id='word_1_160' title='bbox 890 1756 1022 1827; x_wconf 86' lang='lat' dir='ltr'><strong>suspicari</strong></span> <span class='ocrx_word' id='word_1_161' title='bbox 1040 1758 1151 1830; x_wconf 87' lang='lat' dir='ltr'><strong>possis.¹</strong></span> <span class='ocrx_word' id='word_1_162' title='bbox 1171 1756 1281 1811; x_wconf 89' lang='lat' dir='ltr'><strong>Nodum</strong></span> <span class='ocrx_word' id='word_1_163' title='bbox 1294 1776 1358 1810; x_wconf 76' lang='lat' dir='ltr'><strong>vero</strong></span> <span class='ocrx_word' id='word_1_164' title='bbox 1371 1775 1429 1809; x_wconf 90' lang='lat' dir='ltr'><strong>nou</strong></span> 
     </span>
     <span class='ocr_line' id='line_1_18' title="bbox 356 1837 1429 1913; baseline -0.001 -20"><span class='ocrx_word' id='word_1_165' title='bbox 356 1841 437 1894; x_wconf 80' lang='lat' dir='ltr'><strong>solvit</strong></span> <span class='ocrx_word' id='word_1_166' title='bbox 452 1839 520 1892; x_wconf 81' lang='lat' dir='ltr'><strong>Acir.</strong></span> <span class='ocrx_word' id='word_1_167' title='bbox 536 1841 613 1911; x_wconf 86' lang='lat' dir='ltr'><strong>cujus</strong></span> <span class='ocrx_word' id='word_1_168' title='bbox 625 1852 691 1892; x_wconf 89' lang='lat' dir='ltr'><strong>nota</strong></span> <span class='ocrx_word' id='word_1_169' title='bbox 704 1852 744 1892; x_wconf 88' lang='lat' dir='ltr'><strong>est</strong></span> <span class='ocrx_word' id='word_1_170' title='bbox 757 1858 764 1892; x_wconf 89' lang='lat'><strong>:</strong></span> <span class='ocrx_word' id='word_1_171' title='bbox 779 1839 873 1893; x_wconf 75' lang='lat' dir='ltr'><strong>‹Prior</strong></span> <span class='ocrx_word' id='word_1_172' title='bbox 886 1840 1050 1913; x_wconf 83' lang='lat' dir='ltr'><strong>explicatio,</strong></span> <span class='ocrx_word' id='word_1_173' title='bbox 1061 1841 1111 1893; x_wconf 87' lang='lat' dir='ltr'><strong>etsi</strong></span> <span class='ocrx_word' id='word_1_174' title='bbox 1128 1860 1183 1894; x_wconf 89' lang='lat' dir='ltr'><strong>non</strong></span> <span class='ocrx_word' id='word_1_175' title='bbox 1196 1841 1253 1894; x_wconf 88' lang='lat' dir='ltr'><strong>siue</strong></span> <span class='ocrx_word' id='word_1_176' title='bbox 1266 1837 1429 1892; x_wconf 85' lang='lat' dir='ltr'><strong>difficultate</strong></span> 
     </span>
     <span class='ocr_line' id='line_1_19' title="bbox 356 1920 1429 1995; baseline -0.001 -20"><span class='ocrx_word' id='word_1_177' title='bbox 356 1934 478 1995; x_wconf 88' lang='lat' dir='ltr'><strong>superest</strong></span> <span class='ocrx_word' id='word_1_178' title='bbox 498 1927 596 1993; x_wconf 90' lang='lat' dir='ltr'><strong>(uam,</strong></span> <span class='ocrx_word' id='word_1_179' title='bbox 615 1933 645 1973; x_wconf 91' lang='lat' dir='ltr'><strong>ut</strong></span> <span class='ocrx_word' id='word_1_180' title='bbox 669 1920 798 1975; x_wconf 83' lang='lat' dir='ltr'><strong>adhunc</strong></span> <span class='ocrx_word' id='word_1_181' title='bbox 818 1940 926 1976; x_wconf 80' lang='lat' dir='ltr'><strong>sensum</strong></span> <span class='ocrx_word' id='word_1_182' title='bbox 944 1922 1150 1993; x_wconf 79' lang='lat' dir='ltr'><strong>perveniamus,</strong></span> <span class='ocrx_word' id='word_1_183' title='bbox 1173 1923 1258 1975; x_wconf 87' lang='lat' dir='ltr'><strong>multa</strong></span> <span class='ocrx_word' id='word_1_184' title='bbox 1279 1935 1343 1975; x_wconf 87' lang='lat' dir='ltr'><strong>sunt</strong></span> <span class='ocrx_word' id='word_1_185' title='bbox 1363 1940 1429 1994; x_wconf 89' lang='lat' dir='ltr'><strong>sup·</strong></span> 
     </span>
     <span class='ocr_line' id='line_1_20' title="bbox 356 2003 1428 2078; baseline -0.001 -19"><span class='ocrx_word' id='word_1_186' title='bbox 356 2004 491 2078; x_wconf 90' lang='lat' dir='ltr'><strong>pleuda),</strong></span> <span class='ocrx_word' id='word_1_187' title='bbox 509 2003 601 2076; x_wconf 90' lang='lat' dir='ltr'><strong>potior</strong></span> <span class='ocrx_word' id='word_1_188' title='bbox 613 2003 692 2057; x_wconf 88' lang='lat' dir='ltr'><strong>nobis</strong></span> <span class='ocrx_word' id='word_1_189' title='bbox 706 2005 763 2056; x_wconf 85' lang='lat' dir='ltr'><strong>visa</strong></span> <span class='ocrx_word' id='word_1_190' title='bbox 777 2017 831 2069; x_wconf 91' lang='lat' dir='ltr'><strong>est,</strong></span> <span class='ocrx_word' id='word_1_191' title='bbox 844 2005 969 2058; x_wconf 84' lang='lat' dir='ltr'><strong>etaltera</strong></span> <span class='ocrx_word' id='word_1_192' title='bbox 985 2024 1063 2058; x_wconf 86' lang='lat' dir='ltr'><strong>sensu</strong></span> <span class='ocrx_word' id='word_1_193' title='bbox 1074 2005 1211 2058; x_wconf 86' lang='lat' dir='ltr'><strong>communi</strong></span> <span class='ocrx_word' id='word_1_194' title='bbox 1226 2024 1324 2060; x_wconf 85' lang='lat' dir='ltr'><strong>carcre.</strong></span> <span class='ocrx_word' id='word_1_195' title='bbox 1345 2005 1428 2058; x_wconf 88' lang='lat' dir='ltr'><strong>Illam</strong></span> 
     </span>
     <span class='ocr_line' id='line_1_21' title="bbox 358 2085 1429 2158; baseline 0 -18"><span class='ocrx_word' id='word_1_196' title='bbox 358 2088 466 2140; x_wconf 89' lang='lat' dir='ltr'><strong>duobus</strong></span> <span class='ocrx_word' id='word_1_197' title='bbox 476 2085 591 2158; x_wconf 80' lang='lat' dir='ltr'><strong>praeced.</strong></span> <span class='ocrx_word' id='word_1_198' title='bbox 606 2087 728 2140; x_wconf 81' lang='lat' dir='ltr'><strong>versibus</strong></span> <span class='ocrx_word' id='word_1_199' title='bbox 744 2087 783 2140; x_wconf 90' lang='lat' dir='ltr'><strong>sic</strong></span> <span class='ocrx_word' id='word_1_200' title='bbox 798 2099 940 2158; x_wconf 89' lang='lat' dir='ltr'><strong>aptamus:</strong></span> <span class='ocrx_word' id='word_1_201' title='bbox 959 2089 1026 2154; x_wconf 80' lang='lat' dir='ltr'><strong>Quid</strong></span> <span class='ocrx_word' id='word_1_202' title='bbox 1037 2090 1082 2138; x_wconf 75' lang='lat' dir='ltr'><strong>tibi</strong></span> <span class='ocrx_word' id='word_1_203' title='bbox 1083 2126 1168 2142; x_wconf 92' lang='grc'>......</span> <span class='ocrx_word' id='word_1_204' title='bbox 1183 2093 1276 2152; x_wconf 81' lang='lat' dir='ltr'><strong>barba,</strong></span> <span class='ocrx_word' id='word_1_205' title='bbox 1289 2088 1355 2142; x_wconf 90' lang='lat' dir='ltr'><strong>dum</strong></span> <span class='ocrx_word' id='word_1_206' title='bbox 1367 2105 1429 2141; x_wconf 86' lang='lat' dir='ltr'><strong>eam</strong></span> 
     </span>
     <span class='ocr_line' id='line_1_22' title="bbox 356 2167 1432 2238; baseline -0.002 -14"><span class='ocrx_word' id='word_1_207' title='bbox 356 2170 449 2224; x_wconf 77' lang='lat' dir='ltr'><strong>fellat?</strong></span> <span class='ocrx_word' id='word_1_208' title='bbox 462 2183 489 2222; x_wconf 88' lang='lat' dir='ltr'><strong>et</strong></span> <span class='ocrx_word' id='word_1_209' title='bbox 506 2181 578 2222; x_wconf 84' lang='lat' dir='ltr'><strong>certe</strong></span> <span class='ocrx_word' id='word_1_210' title='bbox 594 2169 620 2222; x_wconf 88' lang='lat' dir='ltr'><strong>ei</strong></span> <span class='ocrx_word' id='word_1_211' title='bbox 635 2167 784 2222; x_wconf 90' lang='lat' dir='ltr'><strong>timendum</strong></span> <span class='ocrx_word' id='word_1_212' title='bbox 796 2182 866 2233; x_wconf 87' lang='lat' dir='ltr'><strong>erat;</strong></span> <span class='ocrx_word' id='word_1_213' title='bbox 882 2189 946 2223; x_wconf 87' lang='lat' dir='ltr'><strong>nam</strong></span> <span class='ocrx_word' id='word_1_214' title='bbox 962 2190 1006 2222; x_wconf 81' lang='lat' dir='ltr'><strong>nos</strong></span> <span class='ocrx_word' id='word_1_215' title='bbox 1020 2173 1151 2238; x_wconf 79' lang='lat' dir='ltr'><strong>colapium</strong></span> <span class='ocrx_word' id='word_1_216' title='bbox 1168 2174 1296 2224; x_wconf 78' lang='lat' dir='ltr'><strong>incutimus</strong></span> <span class='ocrx_word' id='word_1_217' title='bbox 1310 2174 1432 2223; x_wconf 78' lang='lat' dir='ltr'><strong>lambenti</strong></span> 
     </span>
     <span class='ocr_line' id='line_1_23' title="bbox 356 2250 1429 2324; baseline -0.001 -18"><span class='ocrx_word' id='word_1_218' title='bbox 356 2256 467 2306; x_wconf 81' lang='lat' dir='ltr'><strong>crustula</strong></span> <span class='ocrx_word' id='word_1_219' title='bbox 478 2271 545 2304; x_wconf 77' lang='lat' dir='ltr'><strong>serso</strong></span> <span class='ocrx_word' id='word_1_220' title='bbox 561 2251 637 2320; x_wconf 89' lang='lat' dir='ltr'><strong>(satis</strong></span> <span class='ocrx_word' id='word_1_221' title='bbox 648 2253 743 2323; x_wconf 87' lang='lat' dir='ltr'><strong>jocosa</strong></span> <span class='ocrx_word' id='word_1_222' title='bbox 754 2251 944 2323; x_wconf 73' lang='lat' dir='ltr'><strong>comparatio),</strong></span> <span class='ocrx_word' id='word_1_223' title='bbox 957 2250 1024 2324; x_wconf 89' lang='lat' dir='ltr'><strong>quid</strong></span> <span class='ocrx_word' id='word_1_224' title='bbox 1038 2253 1122 2324; x_wconf 75' lang='lat' dir='ltr'><strong>igitur</strong></span> <span class='ocrx_word' id='word_1_225' title='bbox 1130 2253 1155 2305; x_wconf 89' lang='lat' dir='ltr'><strong>ei</strong></span> <span class='ocrx_word' id='word_1_226' title='bbox 1164 2251 1332 2324; x_wconf 86' lang='lat' dir='ltr'><strong>deprehenso</strong></span> <span class='ocrx_word' id='word_1_227' title='bbox 1344 2272 1361 2305; x_wconf 87' lang='lat' dir='ltr'><strong>a</strong></span> <span class='ocrx_word' id='word_1_228' title='bbox 1370 2271 1429 2305; x_wconf 87' lang='lat' dir='ltr'><strong>ma·</strong></span> 
     </span>
     <span class='ocr_line' id='line_1_24' title="bbox 357 2334 1431 2407; baseline -0.002 -17"><span class='ocrx_word' id='word_1_229' title='bbox 357 2337 419 2400; x_wconf 87' lang='lat' dir='ltr'><strong>rito,</strong></span> <span class='ocrx_word' id='word_1_230' title='bbox 430 2336 474 2389; x_wconf 81' lang='lat' dir='ltr'><strong>rel</strong></span> <span class='ocrx_word' id='word_1_231' title='bbox 487 2337 523 2388; x_wconf 83' lang='lat' dir='ltr'><strong>ab</strong></span> <span class='ocrx_word' id='word_1_232' title='bbox 535 2335 590 2387; x_wconf 87' lang='lat' dir='ltr'><strong>alio</strong></span> <span class='ocrx_word' id='word_1_233' title='bbox 600 2335 725 2407; x_wconf 79' lang='lat' dir='ltr'><strong>relotypo</strong></span> <span class='ocrx_word' id='word_1_234' title='bbox 736 2335 841 2386; x_wconf 71' lang='lat' dir='ltr'><strong>mescho</strong></span> <span class='ocrx_word' id='word_1_235' title='bbox 853 2335 956 2388; x_wconf 82' lang='lat' dir='ltr'><strong>eveniet</strong></span> <span class='ocrx_word' id='word_1_236' title='bbox 966 2334 1067 2400; x_wconf 91' lang='lat' dir='ltr'><strong>mitius,</strong></span> <span class='ocrx_word' id='word_1_237' title='bbox 1074 2335 1127 2389; x_wconf 85' lang='lat' dir='ltr'><strong>nisi</strong></span> <span class='ocrx_word' id='word_1_238' title='bbox 1136 2349 1167 2388; x_wconf 93' lang='lat' dir='ltr'><strong>ut</strong></span> <span class='ocrx_word' id='word_1_239' title='bbox 1178 2336 1247 2389; x_wconf 82' lang='lat' dir='ltr'><strong>iuste</strong></span> <span class='ocrx_word' id='word_1_240' title='bbox 1256 2349 1304 2389; x_wconf 89' lang='lat' dir='ltr'><strong>aut</strong></span> <span class='ocrx_word' id='word_1_241' title='bbox 1315 2335 1431 2389; x_wconf 74' lang='lat' dir='ltr'><strong>fenestra</strong></span> 
     </span>
     <span class='ocr_line' id='line_1_25' title="bbox 356 2417 1432 2493; baseline 0.001 -20"><span class='ocrx_word' id='word_1_242' title='bbox 356 2418 509 2493; x_wconf 85' lang='lat' dir='ltr'><strong>plectatur?</strong></span> <span class='ocrx_word' id='word_1_243' title='bbox 528 2419 623 2472; x_wconf 89' lang='lat' dir='ltr'><strong>Omnis</strong></span> <span class='ocrx_word' id='word_1_244' title='bbox 636 2417 720 2490; x_wconf 88' lang='lat' dir='ltr'><strong>hujus</strong></span> <span class='ocrx_word' id='word_1_245' title='bbox 733 2417 786 2470; x_wconf 92' lang='lat' dir='ltr'><strong>loci</strong></span> <span class='ocrx_word' id='word_1_246' title='bbox 801 2417 841 2470; x_wconf 91' lang='lat' dir='ltr'><strong>sal</strong></span> <span class='ocrx_word' id='word_1_247' title='bbox 859 2429 884 2470; x_wconf 90' lang='lat' dir='ltr'><strong>et</strong></span> <span class='ocrx_word' id='word_1_248' title='bbox 899 2417 994 2471; x_wconf 80' lang='lat' dir='ltr'><strong>facetia</strong></span> <span class='ocrx_word' id='word_1_249' title='bbox 1008 2419 1036 2471; x_wconf 91' lang='lat' dir='ltr'><strong>in</strong></span> <span class='ocrx_word' id='word_1_250' title='bbox 1053 2419 1142 2491; x_wconf 90' lang='lat' dir='ltr'><strong>ellipsi</strong></span> <span class='ocrx_word' id='word_1_251' title='bbox 1156 2432 1262 2473; x_wconf 85' lang='lat' dir='ltr'><strong>constat</strong></span> <span class='ocrx_word' id='word_1_252' title='bbox 1282 2423 1293 2491; x_wconf 86' lang='lat'>(</span> <span class='ocrx_word' id='word_1_253' title='bbox 1300 2439 1378 2483; x_wconf 89' lang='lat' dir='ltr'><strong>uam,</strong></span> <span class='ocrx_word' id='word_1_254' title='bbox 1398 2435 1432 2474; x_wconf 82' lang='lat' dir='ltr'><strong>ut</strong></span> 
     </span>
     <span class='ocr_line' id='line_1_26' title="bbox 357 2499 1429 2576; baseline 0 -20"><span class='ocrx_word' id='word_1_255' title='bbox 357 2503 469 2576; x_wconf 88' lang='lat' dir='ltr'><strong>opinor,</strong></span> <span class='ocrx_word' id='word_1_256' title='bbox 483 2501 582 2555; x_wconf 88' lang='lat' dir='ltr'><strong>alludit</strong></span> <span class='ocrx_word' id='word_1_257' title='bbox 592 2499 626 2554; x_wconf 88' lang='lat' dir='ltr'><strong>ad</strong></span> <span class='ocrx_word' id='word_1_258' title='bbox 640 2501 740 2554; x_wconf 74' lang='lat' dir='ltr'><strong>suinai</strong></span> <span class='ocrx_word' id='word_1_259' title='bbox 751 2503 873 2573; x_wconf 86' lang='lat' dir='ltr'><strong>jocosam</strong></span> <span class='ocrx_word' id='word_1_260' title='bbox 882 2501 963 2573; x_wconf 85' lang='lat' dir='ltr'><strong>hujus</strong></span> <span class='ocrx_word' id='word_1_261' title='bbox 975 2502 1079 2573; x_wconf 76' lang='lat' dir='ltr'><strong>generis</strong></span> <span class='ocrx_word' id='word_1_262' title='bbox 1090 2503 1267 2573; x_wconf 85' lang='lat' dir='ltr'><strong>historiam),</strong></span> <span class='ocrx_word' id='word_1_263' title='bbox 1277 2517 1304 2558; x_wconf 92' lang='lat' dir='ltr'><strong>et</strong></span> <span class='ocrx_word' id='word_1_264' title='bbox 1314 2505 1343 2556; x_wconf 88' lang='lat' dir='ltr'><strong>in</strong></span> <span class='ocrx_word' id='word_1_265' title='bbox 1354 2521 1429 2557; x_wconf 88' lang='lat' dir='ltr'><strong>com·</strong></span> 
     </span>
     <span class='ocr_line' id='line_1_27' title="bbox 356 2582 1431 2658; baseline 0 -20"><span class='ocrx_word' id='word_1_266' title='bbox 356 2585 495 2658; x_wconf 85' lang='lat' dir='ltr'><strong>paratione</strong></span> <span class='ocrx_word' id='word_1_267' title='bbox 510 2582 693 2636; x_wconf 80' lang='lat' dir='ltr'><strong>crustulorunt</strong></span> <span class='ocrx_word' id='word_1_268' title='bbox 709 2599 771 2634; x_wconf 89' lang='lat' dir='ltr'><strong>cum</strong></span> <span class='ocrx_word' id='word_1_269' title='bbox 786 2582 943 2652; x_wconf 73' lang='lat' dir='ltr'><strong>inguinibus</strong></span> <span class='ocrx_word' id='word_1_270' title='bbox 958 2584 1071 2637; x_wconf 74' lang='lat' dir='ltr'><strong>feminae.</strong></span> <span class='ocrx_word' id='word_1_271' title='bbox 1093 2585 1146 2636; x_wconf 88' lang='lat' dir='ltr'><strong>Hic</strong></span> <span class='ocrx_word' id='word_1_272' title='bbox 1163 2599 1252 2638; x_wconf 89' lang='lat' dir='ltr'><strong>autern</strong></span> <span class='ocrx_word' id='word_1_273' title='bbox 1268 2604 1360 2638; x_wconf 86' lang='lat' dir='ltr'><strong>versus</strong></span> <span class='ocrx_word' id='word_1_274' title='bbox 1375 2585 1431 2638; x_wconf 83' lang='lat' dir='ltr'><strong>lor·</strong></span> 
     </span>
     <span class='ocr_line' id='line_1_28' title="bbox 356 2664 1432 2739; baseline 0.003 -18"><span class='ocrx_word' id='word_1_275' title='bbox 356 2681 426 2721; x_wconf 83' lang='lat' dir='ltr'><strong>tasse</strong></span> <span class='ocrx_word' id='word_1_276' title='bbox 443 2666 621 2738; x_wconf 87' lang='lat' dir='ltr'><strong>interpolatus</strong></span> <span class='ocrx_word' id='word_1_277' title='bbox 635 2676 689 2728; x_wconf 91' lang='lat' dir='ltr'><strong>est,</strong></span> <span class='ocrx_word' id='word_1_278' title='bbox 707 2677 735 2716; x_wconf 91' lang='lat' dir='ltr'><strong>et</strong></span> <span class='ocrx_word' id='word_1_279' title='bbox 747 2664 824 2718; x_wconf 84' lang='lat' dir='ltr'><strong>salvo</strong></span> <span class='ocrx_word' id='word_1_280' title='bbox 840 2683 920 2717; x_wconf 89' lang='lat' dir='ltr'><strong>sensu</strong></span> <span class='ocrx_word' id='word_1_281' title='bbox 939 2679 1011 2719; x_wconf 90' lang='lat' dir='ltr'><strong>totus</strong></span> <span class='ocrx_word' id='word_1_282' title='bbox 1030 2666 1178 2739; x_wconf 89' lang='lat' dir='ltr'><strong>ejiciendus</strong></span> <span class='ocrx_word' id='word_1_283' title='bbox 1195 2667 1310 2723; x_wconf 81' lang='lat' dir='ltr'><strong>videtur.</strong></span> <span class='ocrx_word' id='word_1_284' title='bbox 1322 2695 1333 2716; x_wconf 77' lang='grc' dir='ltr'><strong>ι</strong></span> <span class='ocrx_word' id='word_1_285' title='bbox 1356 2674 1432 2724; x_wconf 78' lang='lat' dir='ltr'><strong>Cola-</strong></span> 
     </span>
     <span class='ocr_line' id='line_1_29' title="bbox 353 2743 1431 2824; baseline 0.003 -22"><span class='ocrx_word' id='word_1_286' title='bbox 353 2753 430 2819; x_wconf 78' lang='lat' dir='ltr'><strong>plurn</strong></span> <span class='ocrx_word' id='word_1_287' title='bbox 444 2754 549 2800; x_wconf 83' lang='lat' dir='ltr'><strong>incutere</strong></span> <span class='ocrx_word' id='word_1_288' title='bbox 566 2745 697 2819; x_wconf 65' lang='lat' dir='ltr'><strong>(trepidus</strong></span> <span class='ocrx_word' id='word_1_289' title='bbox 711 2743 852 2810; x_wconf 70' lang='grc' dir='ltr'><strong>κονδύλους,</strong></span> <span class='ocrx_word' id='word_1_290' title='bbox 868 2751 909 2800; x_wconf 81' lang='lat' dir='ltr'><strong>die</strong></span> <span class='ocrx_word' id='word_1_291' title='bbox 921 2751 1030 2802; x_wconf 68' lang='lat' dir='ltr'><strong>nantes</strong></span> <span class='ocrx_word' id='word_1_292' title='bbox 1042 2752 1192 2820; x_wconf 72' lang='lat' dir='ltr'><strong>ernstiien),</strong></span> <span class='ocrx_word' id='word_1_293' title='bbox 1212 2753 1318 2824; x_wconf 80' lang='lat' dir='ltr'><strong>alapam</strong></span> <span class='ocrx_word' id='word_1_294' title='bbox 1335 2771 1431 2823; x_wconf 80' lang='lat' dir='ltr'><strong>pugno</strong></span> 
     </span>
     <span class='ocr_line' id='line_1_30' title="bbox 357 2831 1433 2906; baseline 0.001 -19"><span class='ocrx_word' id='word_1_295' title='bbox 357 2833 422 2888; x_wconf 87' lang='lat' dir='ltr'><strong>dare</strong></span> <span class='ocrx_word' id='word_1_296' title='bbox 435 2853 490 2887; x_wconf 90' lang='lat' dir='ltr'><strong>non</strong></span> <span class='ocrx_word' id='word_1_297' title='bbox 506 2833 559 2885; x_wconf 89' lang='lat' dir='ltr'><strong>nisi</strong></span> <span class='ocrx_word' id='word_1_298' title='bbox 577 2831 680 2886; x_wconf 89' lang='lat' dir='ltr'><strong>domini</strong></span> <span class='ocrx_word' id='word_1_299' title='bbox 694 2831 818 2885; x_wconf 85' lang='lat' dir='ltr'><strong>solebant</strong></span> <span class='ocrx_word' id='word_1_300' title='bbox 833 2836 924 2896; x_wconf 79' lang='lat' dir='ltr'><strong>serris,</strong></span> <span class='ocrx_word' id='word_1_301' title='bbox 942 2834 990 2905; x_wconf 88' lang='lat' dir='ltr'><strong>qui</strong></span> <span class='ocrx_word' id='word_1_302' title='bbox 1007 2852 1203 2906; x_wconf 89' lang='lat' dir='ltr'><strong>nonuunquam</strong></span> <span class='ocrx_word' id='word_1_303' title='bbox 1217 2849 1244 2890; x_wconf 92' lang='lat' dir='ltr'><strong>et</strong></span> <span class='ocrx_word' id='word_1_304' title='bbox 1257 2856 1285 2887; x_wconf 84' lang='lat' dir='ltr'><strong>os</strong></span> <span class='ocrx_word' id='word_1_305' title='bbox 1299 2841 1433 2904; x_wconf 77' lang='lat' dir='ltr'><strong>proebere,</strong></span> 
     </span>
     <span class='ocr_line' id='line_1_31' title="bbox 357 2916 1433 2992; baseline 0 -20"><span class='ocrx_word' id='word_1_306' title='bbox 357 2921 457 2972; x_wconf 86' lang='lat' dir='ltr'><strong>buccas</strong></span> <span class='ocrx_word' id='word_1_307' title='bbox 467 2916 575 2970; x_wconf 90' lang='lat' dir='ltr'><strong>inflatas</strong></span> <span class='ocrx_word' id='word_1_308' title='bbox 587 2916 738 2988; x_wconf 76' lang='lat' dir='ltr'><strong>porrigere,</strong></span> <span class='ocrx_word' id='word_1_309' title='bbox 748 2916 927 2987; x_wconf 86' lang='lat' dir='ltr'><strong>jubebantur,</strong></span> <span class='ocrx_word' id='word_1_310' title='bbox 941 2929 971 2968; x_wconf 93' lang='lat' dir='ltr'><strong>ut</strong></span> <span class='ocrx_word' id='word_1_311' title='bbox 983 2917 1053 2971; x_wconf 89' lang='lat' dir='ltr'><strong>ictus</strong></span> <span class='ocrx_word' id='word_1_312' title='bbox 1065 2919 1175 2972; x_wconf 86' lang='lat' dir='ltr'><strong>mollior</strong></span> <span class='ocrx_word' id='word_1_313' title='bbox 1184 2920 1335 2992; x_wconf 89' lang='lat' dir='ltr'><strong>certiorque</strong></span> <span class='ocrx_word' id='word_1_314' title='bbox 1344 2933 1433 2984; x_wconf 71' lang='lat' dir='ltr'><strong>esset,</strong></span> 
     </span>
     <span class='ocr_line' id='line_1_32' title="bbox 357 2999 1432 3076; baseline 0 -19"><span class='ocrx_word' id='word_1_315' title='bbox 357 3002 431 3076; x_wconf 90' lang='lat' dir='ltr'><strong>quod</strong></span> <span class='ocrx_word' id='word_1_316' title='bbox 452 3020 560 3056; x_wconf 73' lang='lat' dir='ltr'><strong>summae</strong></span> <span class='ocrx_word' id='word_1_317' title='bbox 581 2999 734 3073; x_wconf 73' lang='lat' dir='ltr'><strong>ignominie</strong></span> <span class='ocrx_word' id='word_1_318' title='bbox 752 3019 836 3071; x_wconf 78' lang='lat' dir='ltr'><strong>genus</strong></span> <span class='ocrx_word' id='word_1_319' title='bbox 857 3000 947 3053; x_wconf 76' lang='lat' dir='ltr'><strong>forsan</strong></span> <span class='ocrx_word' id='word_1_320' title='bbox 966 3002 1082 3073; x_wconf 86' lang='lat' dir='ltr'><strong>respexit</strong></span> <span class='ocrx_word' id='word_1_321' title='bbox 1099 3003 1180 3055; x_wconf 87' lang='lat' dir='ltr'><strong>etiam</strong></span> <span class='ocrx_word' id='word_1_322' title='bbox 1196 3016 1291 3074; x_wconf 85' lang='lat' dir='ltr'><strong>poeta,</strong></span> <span class='ocrx_word' id='word_1_323' title='bbox 1308 3003 1364 3066; x_wconf 83' lang='lat' dir='ltr'><strong>vl,</strong></span> <span class='ocrx_word' id='word_1_324' title='bbox 1385 3003 1432 3066; x_wconf 72' lang='grc'><strong>43.</strong></span> 
     </span>
     <span class='ocr_line' id='line_1_33' title="bbox 357 3074 1436 3157; baseline -0.003 -16"><span class='ocrx_word' id='word_1_325' title='bbox 357 3087 436 3142; x_wconf 80' lang='lat' dir='ltr'><strong>Cous.</strong></span> <span class='ocrx_word' id='word_1_326' title='bbox 448 3074 600 3141; x_wconf 75' lang='lat' dir='ltr'><strong>llemsterh.</strong></span> <span class='ocrx_word' id='word_1_327' title='bbox 611 3082 647 3136; x_wconf 89' lang='lat' dir='ltr'><strong>ad</strong></span> <span class='ocrx_word' id='word_1_328' title='bbox 659 3084 770 3138; x_wconf 88' lang='lat' dir='ltr'><strong>Luciani</strong></span> <span class='ocrx_word' id='word_1_329' title='bbox 784 3085 919 3138; x_wconf 87' lang='lat' dir='ltr'><strong>Prometh.</strong></span> <span class='ocrx_word' id='word_1_330' title='bbox 932 3103 956 3138; x_wconf 88' lang='lat' dir='ltr'><strong>c.</strong></span> <span class='ocrx_word' id='word_1_331' title='bbox 971 3103 1016 3148; x_wconf 86' lang='lat' dir='ltr'><strong>ro,</strong></span> <span class='ocrx_word' id='word_1_332' title='bbox 1029 3104 1057 3156; x_wconf 87' lang='lat' dir='ltr'><strong>p.</strong></span> <span class='ocrx_word' id='word_1_333' title='bbox 1072 3085 1131 3154; x_wconf 87' lang='lat'>¹9⁵·</span> <span class='ocrx_word' id='word_1_334' title='bbox 1145 3087 1252 3138; x_wconf 85' lang='lat' dir='ltr'><strong>Tollius</strong></span> <span class='ocrx_word' id='word_1_335' title='bbox 1265 3083 1301 3137; x_wconf 89' lang='lat' dir='ltr'><strong>ad</strong></span> <span class='ocrx_word' id='word_1_336' title='bbox 1314 3085 1436 3157; x_wconf 73' lang='lat' dir='ltr'><strong>Longiu.</strong></span> 
     </span>
     <span class='ocr_line' id='line_1_34' title="bbox 358 3167 1435 3244; baseline -0.005 -19"><span class='ocrx_word' id='word_1_337' title='bbox 358 3193 404 3227; x_wconf 87' lang='lat' dir='ltr'><strong>seu</strong></span> <span class='ocrx_word' id='word_1_338' title='bbox 418 3173 465 3238; x_wconf 73' lang='grc'><strong>43,</strong></span> <span class='ocrx_word' id='word_1_339' title='bbox 478 3189 538 3244; x_wconf 77' lang='lat' dir='ltr'><strong>pag.</strong></span> <span class='ocrx_word' id='word_1_340' title='bbox 553 3171 618 3232; x_wconf 78' lang='lat'>232;</span> <span class='ocrx_word' id='word_1_341' title='bbox 634 3169 726 3223; x_wconf 89' lang='lat' dir='ltr'><strong>Burm.</strong></span> <span class='ocrx_word' id='word_1_342' title='bbox 743 3167 779 3222; x_wconf 90' lang='lat' dir='ltr'><strong>ad</strong></span> <span class='ocrx_word' id='word_1_343' title='bbox 794 3171 902 3223; x_wconf 85' lang='lat' dir='ltr'><strong>Petrou.</strong></span> <span class='ocrx_word' id='word_1_344' title='bbox 920 3189 942 3222; x_wconf 93' lang='lat' dir='ltr'><strong>c.</strong></span> <span class='ocrx_word' id='word_1_345' title='bbox 956 3175 1005 3232; x_wconf 72' lang='grc'><strong>44,</strong></span> <span class='ocrx_word' id='word_1_346' title='bbox 1018 3187 1081 3241; x_wconf 75' lang='lat' dir='ltr'><strong>pag.</strong></span> <span class='ocrx_word' id='word_1_347' title='bbox 1098 3167 1160 3229; x_wconf 83' lang='lat'><strong>205;</strong></span> <span class='ocrx_word' id='word_1_348' title='bbox 1173 3168 1303 3240; x_wconf 75' lang='lat' dir='ltr'><strong>bottigeri</strong></span> <span class='ocrx_word' id='word_1_349' title='bbox 1314 3168 1435 3235; x_wconf 89' lang='lat' dir='ltr'><strong>Sabina,</strong></span> 
     </span>
     <span class='ocr_line' id='line_1_35' title="bbox 358 3251 1433 3330; baseline -0.003 -22"><span class='ocrx_word' id='word_1_350' title='bbox 358 3277 419 3330; x_wconf 77' lang='lat' dir='ltr'><strong>pag.</strong></span> <span class='ocrx_word' id='word_1_351' title='bbox 433 3256 496 3325; x_wconf 78' lang='lat'><strong>278,</strong></span> <span class='ocrx_word' id='word_1_352' title='bbox 509 3271 569 3323; x_wconf 74' lang='lat'><strong>²79.</strong></span> <span class='ocrx_word' id='word_1_353' title='bbox 577 3283 612 3293; x_wconf 90' lang='lat'>-</span> <span class='ocrx_word' id='word_1_354' title='bbox 626 3255 740 3304; x_wconf 82' lang='lat' dir='ltr'><strong>Crustuia</strong></span> <span class='ocrx_word' id='word_1_355' title='bbox 751 3253 906 3326; x_wconf 88' lang='lat' dir='ltr'><strong>placentas,</strong></span> <span class='ocrx_word' id='word_1_356' title='bbox 917 3251 1064 3317; x_wconf 76' lang='lat' dir='ltr'><strong>dulciariis,</strong></span> <span class='ocrx_word' id='word_1_357' title='bbox 1077 3266 1108 3305; x_wconf 91' lang='lat' dir='ltr'><strong>ut</strong></span> <span class='ocrx_word' id='word_1_358' title='bbox 1119 3253 1193 3325; x_wconf 88' lang='lat' dir='ltr'><strong>apud</strong></span> <span class='ocrx_word' id='word_1_359' title='bbox 1205 3255 1301 3306; x_wconf 85' lang='lat' dir='ltr'><strong>Horat.</strong></span> <span class='ocrx_word' id='word_1_360' title='bbox 1312 3254 1392 3307; x_wconf 90' lang='lat' dir='ltr'><strong>Satir.</strong></span> <span class='ocrx_word' id='word_1_361' title='bbox 1403 3255 1433 3318; x_wconf 93' lang='lat' dir='ltr'><strong>I,</strong></span> 
     </span>
     <span class='ocr_line' id='line_1_36' title="bbox 360 3335 1436 3407; baseline -0.005 -12"><span class='ocrx_word' id='word_1_362' title='bbox 360 3361 384 3407; x_wconf 86' lang='lat' dir='ltr'><strong>s,</strong></span> <span class='ocrx_word' id='word_1_363' title='bbox 396 3340 437 3394; x_wconf 75' lang='lat'><strong>25.</strong></span> <span class='ocrx_word' id='word_1_364' title='bbox 446 3338 553 3393; x_wconf 85' lang='lat' dir='ltr'><strong>Servius</strong></span> <span class='ocrx_word' id='word_1_365' title='bbox 561 3335 640 3400; x_wconf 90' lang='lat' dir='ltr'><strong>dicit,</strong></span> <span class='ocrx_word' id='word_1_366' title='bbox 650 3351 754 3388; x_wconf 83' lang='lat' dir='ltr'><strong>cnutum</strong></span> <span class='ocrx_word' id='word_1_367' title='bbox 761 3355 818 3390; x_wconf 85' lang='lat' dir='ltr'><strong>esse</strong></span> <span class='ocrx_word' id='word_1_368' title='bbox 826 3354 933 3400; x_wconf 87' lang='lat' dir='ltr'><strong>eorum,</strong></span> <span class='ocrx_word' id='word_1_369' title='bbox 943 3353 1003 3406; x_wconf 84' lang='lat' dir='ltr'><strong>quse</strong></span> <span class='ocrx_word' id='word_1_370' title='bbox 1013 3335 1199 3403; x_wconf 84' lang='lat' dir='ltr'><strong>comedantur,</strong></span> <span class='ocrx_word' id='word_1_371' title='bbox 1208 3352 1313 3388; x_wconf 82' lang='lat' dir='ltr'><strong>crustant</strong></span> <span class='ocrx_word' id='word_1_372' title='bbox 1323 3356 1436 3404; x_wconf 85' lang='lat' dir='ltr'><strong>eorum,</strong></span> 
     </span>
     <span class='ocr_line' id='line_1_37' title="bbox 358 3417 1110 3498; baseline -0.008 -21"><span class='ocrx_word' id='word_1_373' title='bbox 358 3443 417 3498; x_wconf 83' lang='lat' dir='ltr'><strong>quse</strong></span> <span class='ocrx_word' id='word_1_374' title='bbox 429 3441 484 3476; x_wconf 90' lang='lat' dir='ltr'><strong>nou</strong></span> <span class='ocrx_word' id='word_1_375' title='bbox 496 3417 681 3484; x_wconf 89' lang='lat' dir='ltr'><strong>comedantur,</strong></span> <span class='ocrx_word' id='word_1_376' title='bbox 693 3421 767 3474; x_wconf 82' lang='lat' dir='ltr'><strong>verb.</strong></span> <span class='ocrx_word' id='word_1_377' title='bbox 777 3437 863 3472; x_wconf 85' lang='lat' dir='ltr'><strong>causa.</strong></span> <span class='ocrx_word' id='word_1_378' title='bbox 875 3418 1031 3480; x_wconf 55' lang='lat' dir='ltr'><strong>monuerim</strong></span> <span class='ocrx_word' id='word_1_379' title='bbox 1045 3419 1110 3471; x_wconf 89' lang='lat' dir='ltr'><strong>Brit.</strong></span> 
     </span>
    </p>

    <p class='ocr_par' dir='ltr' id='par_1_7' title="bbox 357 3514 1438 3840">
     <span class='ocr_line' id='line_1_38' title="bbox 393 3514 1438 3590; baseline -0.001 -18"><span class='ocrx_word' id='word_1_380' title='bbox 393 3521 462 3572; x_wconf 81' lang='lat' dir='ltr'><strong>Nou.</strong></span> <span class='ocrx_word' id='word_1_381' title='bbox 483 3521 508 3571; x_wconf 88' lang='lat'><strong>6.</strong></span> <span class='ocrx_word' id='word_1_382' title='bbox 526 3523 579 3568; x_wconf 82' lang='lat' dir='ltr'><strong>Hac</strong></span> <span class='ocrx_word' id='word_1_383' title='bbox 591 3517 677 3585; x_wconf 84' lang='lat' dir='ltr'><strong>facie,</strong></span> <span class='ocrx_word' id='word_1_384' title='bbox 691 3533 744 3587; x_wconf 91' lang='lat' dir='ltr'><strong>qua</strong></span> <span class='ocrx_word' id='word_1_385' title='bbox 758 3529 788 3568; x_wconf 89' lang='lat' dir='ltr'><strong>tu</strong></span> <span class='ocrx_word' id='word_1_386' title='bbox 803 3533 840 3568; x_wconf 89' lang='lat' dir='ltr'><strong>es.</strong></span> <span class='ocrx_word' id='word_1_387' title='bbox 852 3516 1039 3581; x_wconf 82' lang='lat' dir='ltr'><strong>-Crepereius</strong></span> <span class='ocrx_word' id='word_1_388' title='bbox 1059 3515 1104 3585; x_wconf 93' lang='lat' dir='ltr'><strong>qui</strong></span> <span class='ocrx_word' id='word_1_389' title='bbox 1117 3514 1213 3580; x_wconf 86' lang='lat' dir='ltr'><strong>luerit,</strong></span> <span class='ocrx_word' id='word_1_390' title='bbox 1228 3516 1271 3570; x_wconf 77' lang='lat' dir='ltr'><strong>vel</strong></span> <span class='ocrx_word' id='word_1_391' title='bbox 1288 3517 1334 3589; x_wconf 90' lang='lat' dir='ltr'><strong>qui</strong></span> <span class='ocrx_word' id='word_1_392' title='bbox 1350 3516 1438 3590; x_wconf 78' lang='lat' dir='ltr'><strong>sigui·</strong></span> 
     </span>
     <span class='ocr_line' id='line_1_39' title="bbox 358 3598 1436 3672; baseline 0.002 -18"><span class='ocrx_word' id='word_1_393' title='bbox 358 3603 466 3665; x_wconf 81' lang='lat' dir='ltr'><strong>ficetur,</strong></span> <span class='ocrx_word' id='word_1_394' title='bbox 487 3601 657 3672; x_wconf 77' lang='lat' dir='ltr'><strong>ignoramus,</strong></span> <span class='ocrx_word' id='word_1_395' title='bbox 679 3599 730 3652; x_wconf 91' lang='lat' dir='ltr'><strong>etsi</strong></span> <span class='ocrx_word' id='word_1_396' title='bbox 750 3598 919 3651; x_wconf 88' lang='lat' dir='ltr'><strong>luxuriosum</strong></span> <span class='ocrx_word' id='word_1_397' title='bbox 938 3610 1064 3668; x_wconf 88' lang='lat' dir='ltr'><strong>nepotem</strong></span> <span class='ocrx_word' id='word_1_398' title='bbox 1087 3599 1163 3652; x_wconf 90' lang='lat' dir='ltr'><strong>innui</strong></span> <span class='ocrx_word' id='word_1_399' title='bbox 1183 3602 1325 3654; x_wconf 75' lang='lat' dir='ltr'><strong>verborum</strong></span> <span class='ocrx_word' id='word_1_400' title='bbox 1346 3621 1436 3656; x_wconf 90' lang='lat' dir='ltr'><strong>nexus</strong></span> 
     </span>
     <span class='ocr_line' id='line_1_40' title="bbox 357 3680 1438 3754; baseline 0.004 -17"><span class='ocrx_word' id='word_1_401' title='bbox 357 3683 445 3737; x_wconf 89' lang='lat' dir='ltr'><strong>docet.</strong></span> <span class='ocrx_word' id='word_1_402' title='bbox 464 3680 604 3736; x_wconf 87' lang='lat' dir='ltr'><strong>Laudatur</strong></span> <span class='ocrx_word' id='word_1_403' title='bbox 622 3687 657 3736; x_wconf 84' lang='lat' dir='ltr'><strong>M.</strong></span> <span class='ocrx_word' id='word_1_404' title='bbox 679 3683 837 3750; x_wconf 81' lang='lat' dir='ltr'><strong>Crepereius,</strong></span> <span class='ocrx_word' id='word_1_405' title='bbox 856 3699 888 3734; x_wconf 86' lang='lat' dir='ltr'><strong>ex</strong></span> <span class='ocrx_word' id='word_1_406' title='bbox 910 3681 1040 3734; x_wconf 87' lang='lat' dir='ltr'><strong>acerrima</strong></span> <span class='ocrx_word' id='word_1_407' title='bbox 1056 3681 1160 3736; x_wconf 78' lang='lat' dir='ltr'><strong>familia</strong></span> <span class='ocrx_word' id='word_1_408' title='bbox 1176 3683 1291 3754; x_wconf 86' lang='lat' dir='ltr'><strong>equestri</strong></span> <span class='ocrx_word' id='word_1_409' title='bbox 1306 3697 1333 3736; x_wconf 90' lang='lat' dir='ltr'><strong>et</strong></span> <span class='ocrx_word' id='word_1_410' title='bbox 1350 3684 1438 3740; x_wconf 89' lang='lat' dir='ltr'><strong>disci·</strong></span> 
     </span>
     <span class='ocr_line' id='line_1_41' title="bbox 357 3767 1435 3840; baseline 0 -18"><span class='ocrx_word' id='word_1_411' title='bbox 357 3768 446 3840; x_wconf 89' lang='lat' dir='ltr'><strong>plina,</strong></span> <span class='ocrx_word' id='word_1_412' title='bbox 459 3767 487 3820; x_wconf 89' lang='lat' dir='ltr'><strong>in</strong></span> <span class='ocrx_word' id='word_1_413' title='bbox 501 3767 587 3820; x_wconf 87' lang='lat' dir='ltr'><strong>Cicer.</strong></span> <span class='ocrx_word' id='word_1_414' title='bbox 601 3768 681 3820; x_wconf 86' lang='lat' dir='ltr'><strong>Vcrr.</strong></span> <span class='ocrx_word' id='word_1_415' title='bbox 692 3767 719 3832; x_wconf 94' lang='lat' dir='ltr'><strong>l,</strong></span> <span class='ocrx_word' id='word_1_416' title='bbox 733 3784 779 3832; x_wconf 89' lang='lat' dir='ltr'><strong>ro,</strong></span> <span class='ocrx_word' id='word_1_417' title='bbox 790 3779 817 3818; x_wconf 87' lang='lat' dir='ltr'><strong>et</strong></span> <span class='ocrx_word' id='word_1_418' title='bbox 832 3767 971 3834; x_wconf 80' lang='lat' dir='ltr'><strong>Crepereius</strong></span> <span class='ocrx_word' id='word_1_419' title='bbox 984 3767 1179 3836; x_wconf 81' lang='lat' dir='ltr'><strong>Calpurnianus,</strong></span> <span class='ocrx_word' id='word_1_420' title='bbox 1193 3767 1303 3820; x_wconf 89' lang='lat' dir='ltr'><strong>Lucian.</strong></span> <span class='ocrx_word' id='word_1_421' title='bbox 1323 3779 1390 3822; x_wconf 88' lang='lat' dir='ltr'><strong>tom.</strong></span> <span class='ocrx_word' id='word_1_422' title='bbox 1403 3771 1435 3836; x_wconf 90' lang='lat'><strong>1,</strong></span> 
     </span>
    </p>
   </div>
   <div class='ocr_carea' id='block_1_6' title="bbox 358 4045 1439 4196">
    <p class='ocr_par' dir='ltr' id='par_1_8' title="bbox 358 4045 1439 4196">
     <span class='ocr_line' id='line_1_42' title="bbox 396 4045 1439 4112; baseline -0.002 -12"><span class='ocrx_word' id='word_1_423' title='bbox 396 4058 405 4084; x_wconf 86' lang='lat'><em>¹</em></span> <span class='ocrx_word' id='word_1_424' title='bbox 425 4048 611 4100; x_wconf 83' lang='lat' dir='ltr'><strong>schurrfleiscb.</strong></span> <span class='ocrx_word' id='word_1_425' title='bbox 630 4047 714 4096; x_wconf 89' lang='lat' dir='ltr'><strong>laudat</strong></span> <span class='ocrx_word' id='word_1_426' title='bbox 733 4047 820 4112; x_wconf 76' lang='lat' dir='ltr'><strong>Rigalt.</strong></span> <span class='ocrx_word' id='word_1_427' title='bbox 840 4046 871 4094; x_wconf 90' lang='lat' dir='ltr'><strong>ad</strong></span> <span class='ocrx_word' id='word_1_428' title='bbox 916 4045 1051 4110; x_wconf 64' lang='lat' dir='ltr'><strong>Phrynicb.</strong></span> <span class='ocrx_word' id='word_1_429' title='bbox 1063 4061 1120 4109; x_wconf 74' lang='lat' dir='ltr'><strong>pag.</strong></span> <span class='ocrx_word' id='word_1_430' title='bbox 1132 4045 1299 4110; x_wconf 70' lang='lat' dir='ltr'><strong>34,qnilibri</strong></span> <span class='ocrx_word' id='word_1_431' title='bbox 1310 4061 1363 4096; x_wconf 92' lang='lat' dir='ltr'><strong>uon</strong></span> <span class='ocrx_word' id='word_1_432' title='bbox 1375 4059 1439 4098; x_wconf 85' lang='lat' dir='ltr'><strong>sunt</strong></span> 
     </span>
     <span class='ocr_line' id='line_1_43' title="bbox 358 4124 1152 4196; baseline -0.011 -13"><span class='ocrx_word' id='word_1_433' title='bbox 358 4131 508 4183; x_wconf 77' lang='lat' dir='ltr'><strong>Artemidor.</strong></span> <span class='ocrx_word' id='word_1_434' title='bbox 529 4137 584 4196; x_wconf 77' lang='lat' dir='ltr'><strong>pig.</strong></span> <span class='ocrx_word' id='word_1_435' title='bbox 603 4129 644 4186; x_wconf 79' lang='lat'><strong>51,</strong></span> <span class='ocrx_word' id='word_1_436' title='bbox 665 4137 690 4176; x_wconf 92' lang='lat' dir='ltr'><strong>et</strong></span> <span class='ocrx_word' id='word_1_437' title='bbox 707 4128 820 4177; x_wconf 85' lang='lat' dir='ltr'><strong>Nnnnes.</strong></span> <span class='ocrx_word' id='word_1_438' title='bbox 840 4125 873 4173; x_wconf 89' lang='lat' dir='ltr'><strong>ad</strong></span> <span class='ocrx_word' id='word_1_439' title='bbox 917 4126 980 4174; x_wconf 88' lang='lat' dir='ltr'><strong>mibi</strong></span> <span class='ocrx_word' id='word_1_440' title='bbox 993 4124 1152 4174; x_wconf 88' lang='lat' dir='ltr'><strong>inmanibus.</strong></span> 
     </span>
    </p>
   </div>
   <div class='ocr_carea' id='block_1_7' title="bbox 0 0 1542 4990">
    <p class='ocr_par' dir='ltr' id='par_1_9' title="bbox 0 0 1542 4990">
     <span class='ocr_line' id='line_1_44' title="bbox 0 0 1542 4990; baseline 0 0"><span class='ocrx_word' id='word_1_441' title='bbox 0 0 1542 4990; x_wconf 95' lang='lat' dir='ltr'><strong> </strong></span> 
     </span>
    </p>
   </div>
  </div>
 </body>
</html>
