3042 4984
366 449 430 534 392
543 451 703 516 VARIAE
727 452 1003 518 LEC'l'lONES
1027 455 1087 518 ET
1109 455 1139 519 N
1147 455 1256 520 OTAE
1362 459 1365 470 ’

365 567 436 616 libris
447 569 536 633 legitur
549 568 696 627 Viniciana,
708 581 733 618 et
748 569 899 618 Vr'nr'ciernm
913 585 972 635 geue
983 569 1114 618 clarissima
1127 571 1186 629 tuin
1201 571 1250 618 vid.
1258 572 1356 638 interpp.
1364 575 1412 620 Tac.

366 653 434 701 Auu.
449 653 500 711 Vl,
516 652 555 710 15,
568 653 613 709 453
627 653 699 712 nv,
710 662 756 710 403
770 653 836 700 Suet.
851 654 917 717 Aug.
934 669 955 700 e.
972 653 1020 710 64,
1035 669 1077 714 7¹·
1089 679 1124 690 ·-
1135 655 1268 718 Graugaeus
1280 656 1340 715 roni.
1352 658 1413 710 Vero.

364 743 392 780 nt
403 733 638 798 designeturVerus,
648 735 691 798 qui
700 751 756 783 eum
766 735 853 782 Fulvio
864 735 951 783 consul
960 735 1034 784 fuerit
1042 737 1179 800 imperante
1186 737 1331 786 Domitiano.
1340 737 1414 786 llotior

364 827 401 862 est
411 817 437 863 1.
447 815 564 864 Ceionius
577 817 729 866 Commodus
738 820 833 876 Verus,
846 817 876 866 ab
888 819 1027 879 lladriano,
1039 828 1064 868 et
1074 820 1140 883 inpr.
1150 821 1206 880 ejus
1219 818 1296 878 lilim,
1308 821 1337 868 ab
1346 823 1414 869 Auto-

363 900 426 946 uino
442 900 487 946 Pio
506 899 643 965 adoptatus.
662 901 709 949 llic
728 919 750 949 a.
766 903 797 950 V.
816 902 976 951 nccoevtt.
994 902 1096 963 oonsul,
1112 913 1137 950 et
1151 901 1243 950 deiude
1259 919 1311 950 oum
1328 905 1362 952 bl.
1372 907 1415 951 Aa·

363 983 427 1031 relio
441 984 578 1047 Imperator
590 984 645 1033 fnit.

399 1081 470 1132 Nor.
491 1099 533 1149 ²7¹
551 1077 593 1131 En
608 1081 809 1134 memorabilem
824 1081 952 1153 temporie
966 1079 1168 1142 definitionem,
1186 1099 1245 1153 quae
1260 1079 1294 1133 ad
1306 1083 1416 1152 majorem

364 1180 472 1232 quoqne
492 1161 531 1214 rei
550 1159 632 1214 fidem
648 1163 798 1216 faciendam
817 1164 899 1218 valet.
918 1161 971 1216 Sed
983 1163 1054 1236 prob
1067 1163 1161 1216 dolor!
1176 1181 1265 1235 neque
1280 1162 1354 1215 lectio
1368 1161 1417 1214 eatis

365 1256 504 1310 certaret,
518 1261 604 1315 neque
616 1259 736 1311 constat,
748 1247 808 1318 quis
825 1261 851 1301 et
866 1245 976 1320 quando
990 1249 1079 1299 Iunios
1095 1247 1143 1300 ille
1158 1250 1246 1298 consul
1261 1247 1343 1300 luerit
1355 1248 1417 1298 Nor·

367 1327 437 1380 nulli
450 1346 590 1400 perperam
603 1330 757 1401 intelligunt
768 1331 856 1402 ipsum
869 1333 885 1383 J
888 1332 1029 1384 ureualem
1042 1343 1182 1398 nostrum3
1199 1331 1248 1383 alii
1260 1339 1320 1400 App.
1334 1331 1417 1380 Ionian

365 1414 494 1477 Sabinum,
505 1413 552 1483 qui
563 1431 625 1465 eum
634 1414 788 1466 Domitiano
797 1419 808 1483 (
817 1416 895 1486 cujus
907 1415 953 1468 hic
962 1416 1042 1468 etiem
1052 1414 1159 1468 satirioe
1169 1427 1327 1487 perpetuum
1338 1431 1418 1468 oonsu-

363 1497 448 1550 latum
468 1496 576 1549 silentio
592 1497 680 1549 notari
700 1515 755 1549 non
775 1497 824 1549 abs
842 1517 871 1550 re
884 1496 1028 1550 videbatur
1051 1499 1169 1569 Pitbteo)
1189 1499 1283 1552 oonsul
1303 1497 1349 1550 luit
1362 1515 1419 1550 auno

367 1579 450 1632 Urbis
462 1579 579 1633 condire
597 1579 828 1646 Dcccxxxvt3
843 1581 990 1639 Salmasius
1005 1601 1069 1636 vero
1087 1582 1115 1634 iu
1129 1581 1367 1636 Exercitatiouibm
1379 1580 1420 1632 Pli-

365 1662 465 1727 uianis,
479 1682 508 1734 p.
523 1669 574 1732 447
586 1681 675 1734 eeq.-
684 1667 715 1730 Q.
728 1665 826 1714 lunium
838 1667 973 1724 Rusticum,
987 1665 1034 1736 qui
1049 1666 1143 1718 consul
1157 1665 1212 1718 tuit
1221 1684 1283 1718 cum
1293 1663 1419 1726 Hadriano,

366 1763 438 1798 anuo
452 1745 556 1816 imperii
570 1746 627 1816 ejua
639 1745 718 1796 tertio
737 1757 764 1797 et
778 1745 848 1798 Urb.
866 1746 967 1800 condit.
984 1747 1192 1802 Dccctxm
1210 1749 1275 1801 Herc
1288 1751 1420 1820 conjectura

367 1827 461 1883 ceteris
482 1828 721 1900 probabiliorem,
743 1840 843 1882 ettam
860 1829 918 1883 bae
937 1830 1020 1883 satira
1037 1831 1132 1885 eodem
1152 1851 1227 1885 anno
1246 1832 1340 1902 scripta
1352 1829 1420 1884 videri

366 1923 470 1982 potest,
484 1929 540 1982 quo
559 1909 663 1964 decima
678 1911 771 1976 tertia;
785 1910 841 1965 vid.
857 1912 893 1967 ad
909 1913 998 1981 xm,
1016 1917 1063 1977 ιδ,
1080 1927 1107 1968 et
1122 1916 1171 1968 vit.
1186 1917 1284 1968 Juven.
1296 1933 1340 1986 per
1352 1931 1420 1966 anuos

367 1995 500 2066 digestam
513 2013 556 2066 pr.
576 2025 612 2036 —
632 1993 717 2046 Vetus
730 1995 823 2050 schot
841 2021 852 2042 ι
862 1999 902 2048 De
917 2015 945 2048 se
960 1995 1028 2050 dicit
1045 2000 1062 2049 J
1064 1998 1200 2062 uvenalis,
1218 1997 1266 2070 qui
1283 1999 1310 2051 iu
1322 2001 1420 2068 AEgypto

368 2078 481 2130 militem
492 2079 610 2145 (limitent
618 2113 627 2138 ,
643 2076 714 2129 cous.
728 2077 846 2130 Henuiu.
859 2091 885 2131 et
896 2081 988 2146 vitem,
999 2081 1103 2152 insigne
1117 2082 1296 2145 centurionis,
1312 2081 1375 2132 Pitb.
1384 2077 1420 2131 sed

366 2162 466 2212 militem
474 2162 551 2211 tennit
557 2157 679 2214 defendit
688 2160 806 2213 Cramer.
815 2162 895 2233 plane
906 2175 937 2214 ut
948 2180 993 2234 ap.
1007 2163 1082 2215 Suet.
1090 2163 1158 2234 Aug.
1169 2181 1195 2216 c.
1204 2167 1304 2232 9‚rolus
1310 2163 1419 2229 rempubli-

367 2264 421 2296 eorn
437 2246 520 2296 tenuit.
538 2243 591 2296 Eo.
601 2243 612 2312 )
623 2244 722 2308 tenuit,
733 2255 760 2296 et
776 2261 808 2296 ea
825 2245 959 2317 promittit
978 2262 1006 2298 ee
1019 2244 1185 2312 relaturum,
1200 2264 1260 2318 quar
1274 2246 1328 2318 ipse
1337 2242 1419 2298 vidit·

401 2393 469 2440 Van.
490 2391 533 2439 ²8.
549 2392 643 2453 Facta,
656 2404 699 2438 ao.
720 2416 756 2426 —
772 2389 869 2448 Carti,
884 2399 925 2446 at.
939 2387 1048 2456 Compei,
1062 2405 1104 2440 aa.
1120 2391 1216 2455 Cottae,
1234 2405 1274 2457 19.
1290 2389 1364 2454 cepti,
1384 2389 1418 2436 al.

369 2475 440 2524 Cous.
455 2474 486 2523 ad
499 2491 536 2524 vs.
553 2475 593 2522 35.
1357 2505 1360 2508 -

403 2568 474 2620 Nor.
494 2569 537 2621 ιθ.
555 2569 686 2636 Refiram,
708 2587 768 2639 quar
786 2588 863 2636 nuper
875 2582 947 2638 gestu
962 2580 1025 2621 suut
1037 2589 1117 2636 super,
1130 2587 1227 2642 supra,
1243 2567 1325 2629 ultra,
1339 2565 1420 2634 utlrrip

369 2649 445 2718 (vid.
461 2651 562 2703 Duker.
576 2662 604 2703 et
614 2669 663 2703 noe
675 2649 711 2704 ad
721 2652 779 2704 Lir.
794 2652 823 2717 1,
839 2671 866 2716 a,
879 2651 911 2718 3,
924 2664 951 2705 et
962 2652 1072 2712 XXXI,
1086 2665 1130 2723 47,
1144 2651 1377 2720 3.)‚moeniacopti
1388 2668 1422 2698 es·

369 2735 425 2784 lidae
440 2738 450 2795 (
459 2732 514 2786 vid.
527 2732 572 2785 ad.
584 2733 641 2798 VI,
655 2733 737 2804 527),
749 2734 820 2786 iutra
833 2734 900 2786 fines
909 2735 990 2805 Copti
1004 2747 1031 2787 et
1043 2735 1238 2807 Tentyrorum.
1252 2731 1345 2804 Aptius
1357 2731 1422 2782 etiam

368 2835 429 2869 voc.
445 2837 530 2884 snper,
551 2816 603 2869 hoc
620 2829 672 2880 eet,
687 2819 772 2884 ultra,
784 2818 807 2868 ei
820 2829 913 2890 poeta,
924 2817 972 2889 qul
983 2819 1068 2888 refert,
1084 2833 1140 2886 qum
1157 2821 1210 2888 ipse
1227 2820 1319 2870 norant
1334 2827 1358 2868 et
1369 2812 1423 2866 sidit

368 2904 430 2970 (vs.
446 2903 489 2966 45.
499 2903 524 2970 ),
536 2901 616 2973 Copti
634 2916 814 2958 commoratus
831 2916 884 2966 est,
903 2921 986 2974 quum
1005 2903 1108 2956 bellum
1122 2905 1174 2956 boc
1189 2903 1262 2956 inter
1278 2901 1389 2973 Coptitas
1403 2909 1424 2950 et

369 2988 535 3059 Tentyritae,
550 2987 653 3040 incolae
665 2987 830 3060 oppidorum
842 2988 1018 3040 finitimorum
1030 2990 1081 3057 (vs.
1093 2989 1149 3058 33),
1159 2999 1346 3060 gererettrr.-
1354 2988 1424 3052 coptu

370 3073 381 3138 (
395 3075 478 3138 Copti,
492 3091 530 3124 ve.
542 3073 576 3126 35
589 3072 614 3137 ),
626 3089 767 3124 commuue
782 3072 899 3125 Arabum
919 3072 1161 3145 AEgyptiorumque
1178 3072 1327 3146 oppidum,
1343 3089 1357 3121 a
1374 3067 1425 3120 Dio·

370 3155 487 3210 cletiaoo
496 3155 617 3208 dirutum
626 3174 676 3209 nec
686 3156 737 3208 nisi
748 3156 805 3208 ΧΠ
816 3154 885 3208 mill.
895 3173 965 3228 pase.
975 3169 1108 3210 remotum
1118 3176 1132 3208 a
1142 3157 1285 3230 Tentyrit3
1296 3153 1424 3226 emporium

369 3237 589 3302 celeberrimum,
600 3257 655 3308 quo
664 3257 764 3292 merces
776 3236 893 3303 ludicre,
908 3239 1029 3292 Arabicae
1040 3251 1066 3293 et
1074 3240 1252 3312 AEtbiopicae,
1262 3239 1370 3291 Arabioo
1378 3235 1425 3286 riuu

370 3317 505 3383 advecto,
520 3321 740 3391 deportabantur.
755 3321 914 3393 Metropolis
924 3321 975 3375 luit
984 3323 1065 3376 Nomi
1074 3324 1195 3396 Coptici,
1205 3334 1233 3376 et
1242 3319 1425 3379 mediterranea,

370 3422 426 3456 nou
442 3402 478 3455 ad
495 3405 583 3474 ipsum
597 3404 692 3456 Nilum
705 3403 773 3470 sita,
793 3403 840 3459 sed
858 3403 892 3456 ad
912 3405 1033 3458 canalem
1055 3425 1088 3458 ex
1106 3407 1160 3460 boc
1173 3406 1260 3460 fluvio
1273 3405 1390 3466 ductum,
1404 3400 1424 3450 iu

371 3507 426 3560 quo
441 3506 542 3540 merces
561 3488 631 3552 illae,
649 3489 683 3540 ab
700 3487 815 3540 Arabico
835 3489 895 3540 sinu
912 3489 956 3541 vel
968 3490 1094 3542 Berenice
1108 3489 1217 3544 camelis
1235 3502 1264 3542 et
1279 3487 1323 3541 via
1332 3483 1424 3558 publicat

369 3573 486 3642 Coptum
496 3569 622 3631 devectae,
629 3571 745 3623 navibus
756 3571 784 3622 iu
795 3570 886 3622 Nilum
896 3583 924 3623 et
933 3569 1032 3624 deiude
1042 3570 1235 3624 Alexandriam
1246 3568 1425 3622 deserebantur.

248 3675 257 3686 ·
371 3655 426 3708 vid.
439 3655 510 3708 Plio.
524 3655 559 3718 V,
571 3674 601 3722 9;
615 3655 671 3719 vl,
686 3656 733 3718 23,
746 3673 792 3706 seu
808 3657 856 3718 26,
869 3665 896 3706 et
908 3655 948 3718 X,
962 3655 1012 3716 33,
1026 3671 1072 3706 eeu
1085 3660 1134 3724 49;
1148 3649 1423 3721 strab.xv1,p.781.

370 3741 405 3790 al.
423 3741 504 3798 11²8,
522 3752 550 3791 et
563 3739 664 3798 xvn,
686 3756 748 3808 pag.
769 3736 837 3802 815,
855 3737 890 3788 al.
914 3754 996 3805 1170,
1009 3739 1105 3790 Zonar.
1123 3737 1167 3800 11,
1179 3749 1245 3789 extr.
1259 3735 1380 3788 Mennim
1392 3749 1425 3780 sur

370 3827 483 3889 l'Egrpte
497 3825 617 3873 ancienne
634 3837 660 3872 et
675 3825 790 3872 moderate
799 3840 851 3888 por
862 3825 1000 3884 d'Anville‚
1011 3839 1073 3893 pag.
1089 3827 1148 3890 196.
1160 3820 1301 3875 Abulfedae
1311 3815 1424 3886 Descript.

370 3905 492 3976 AEgypti,
504 3925 565 3976 pag.
579 3911 626 3969 ιθ,
639 3918 666 3958 et
680 3903 714 3956 nd
729 3923 790 3956 eum
801 3905 944 3958 Michaelis
957 3919 1012 3958 not.
1034 3907 1184 3970 153-164,
1199 3925 1260 3978 pag.
1271 3903 1377 3976 73-78‚
1387 3899 1422 3950 ubl

370 4001 467 4060 praeter
483 3990 535 4041 alia
551 3988 643 4046 docet,
660 3990 749 4041 vicunt
764 3988 925 4041 hodiernum
934 3993 994 4056 Kost
1007 3990 1048 4040 rel
1059 3992 1125 4058 Kese,
1141 3989 1176 4042 ad
1190 3990 1273 4061 ipsam
1285 3986 1339 4041 Nili
1351 3984 1422 4054 ripam

372 4077 467 4136 situm,
483 4091 535 4124 non
552 4091 610 4124 esse
621 4073 741 4142 Coptum
756 4072 909 4142 antiquam,
928 4071 975 4124 sed
990 4073 1096 4132 vicum.
1116 4091 1171 4143 quo
1189 4091 1239 4142 pro
1255 4081 1331 4143 portu
1345 4084 1385 4119 usa
1395 4065 1428 4133 eit

373 4156 488 4226 Coptos.
502 4157 566 4208 urba
578 4154 786 4215 mediterranea,
798 4168 824 4206 et
836 4155 862 4206 in
875 4174 930 4225 quo
942 4173 1039 4207 nomeu
1053 4158 1110 4226 ejus
1123 4155 1237 4208 haeserit.
1252 4151 1370 4208 llamusio
1378 4165 1420 4218 pu·
1488 4183 1489 4186 =

373 4238 458 4301 tabat,
472 4240 589 4308 Coptttm
599 4235 681 4290 hodie
695 4241 787 4287 Cannm
801 4236 855 4289 dici
870 4257 914 4290 seu
929 4242 1047 4292 Clennnm.
