2992 4984
194 477 246 544 IN
267 478 494 545 SATIRAM
516 479 756 545 DECIMAM
780 479 1033 563 QUARTAM.
1085 477 1151 568 329

126 589 186 642 Vn·
203 597 243 646 ⁰3.
263 596 343 658 Furit,
363 614 385 660 r,
402 597 609 660 14,18,!,8,7o‚
626 596 893 658 75,76‚82.1tr0mie,
911 615 934 660 7,
951 615 990 658 ro,
1004 592 1093 660 11,15,
1103 610 1152 656 ιο,

98 679 463 746 ²¹'²³*²lr²9sl⁵slsssl7s
477 691 519 746 492
533 683 575 740 ⁵⁰9
589 684 833 746 54-69,71-7k‚
851 699 893 746 772
911 683 1058 731 ‘ulmum
1071 677 1153 730 Qdd‘

95 756 238 812 tumeret
251 765 315 816 Acir,
330 793 365 804 -
376 767 484 828 Fremat,
497 780 541 826 ιι,
554 766 594 825 16,
611 780 649 828 ιγ,
667 782 706 836 tp.
718 767 830 823 Pmmat,
845 781 888 814 ιι.

123 851 188 906 Νοι.
205 853 246 908 63.
265 858 367 908 Domini
376 859 503 923 instantii,
519 857 655 929 urgentis,
666 857 808 910 excitantis
817 875 916 912 servos.

129 997 192 1048 Vn.
210 1002 253 1056 66.
273 1003 304 1047 Ut
313 1017 360 1067 pro
369 1017 414 1064 ne,
427 1017 582 1067 19‚sm.pr.

127 1091 190 1147 Nor.
208 1097 250 1157 64.
269 1099 346 1148 Miser
355 1099 475 1164 trepidas,
485 1097 597 1163 misere,
610 1096 664 1150 hoc
674 1108 715 1149 est
720 1135 729 1163 ,
746 1095 918 1151 vehementer
927 1095 1013 1148 times.

125 1237 187 1287 Vn.
203 1241 246 1290 ⁶6.
266 1241 332 1300 Nee,
346 1243 388 1301 ι5,
397 1241 439 1302 45,
452 1243 497 1305 50,
510 1243 552 1302 56,
566 1243 608 1305 57,
617 1241 660 1293 oo.

124 1335 188 1383 Vn.
207 1337 248 1397 67.
267 1338 362 1386 Sembis
385 1355 427 1402 ιι,
441 1355 488 1400 ιι,
503 1339 542 1398 16,
557 1354 597 1398 ιι,
614 1354 654 1401 19,
668 1354 711 1398 ιο,
722 1346 754 1394 ιι
764 1348 804 1397 ,et
818 1340 871 1387 XX
882 1338 952 1387 MSS.
965 1336 1041 1386 Puris.
1051 1331 1158 1397 Serapis,

96 1417 301 1468 23.-Emomlat
317 1433 365 1470 vet.
380 1423 433 1470 MS.
448 1419 595 1470 Rittershus.
615 1421 732 1482 Muudat,
753 1436 792 1468 ιι.
813 1421 951 1480 demandet,
970 1434 1001 1466 ιι
1022 1434 1085 1466 nm.
1104 1433 1153 1466 sec.

95 1498 222 1564 Emendat,
237 1520 276 1566 ιι,
287 1507 329 1566 ι3,
340 1515 371 1562 ιι
381 1542 388 1566 ,
397 1503 466 1569 quod
475 1519 521 1570 pro
530 1503 595 1567 vulg.
606 1505 721 1552 emendat
730 1505 818 1568 recepi.
831 1503 900 1552 Idem
910 1503 1048 1566 probarunt
1057 1503 1157 1566 Soiopp.

98 1583 169 1632 Veris.
181 1589 222 1648 Ν,
234 1603 274 1646 ιο,
281 1598 305 1636 et
316 1587 502 1636 Schurnlleisclr.
511 1585 555 1651 qui
564 1596 648 1634 monet
654 1620 662 1648 ,
670 1587 704 1636 itn
714 1585 787 1634 etism
797 1585 883 1652 legisse
896 1585 1036 1635 Euticlrinm
1047 1586 1158 1634 Grnmm.

96 1664 493 1737 lih.11,p·g.2174,ed.t³uuen

126 1761 191 1815 Nor.
208 1768 250 1834 67.
271 1769 343 1816 Scobs
359 1785 405 1820 seu
423 1767 516 1833 scobis,
535 1785 589 1841 qun
606 1764 815 1839 detergehsntur
833 1767 1000 1840 parimente,
1012 1767 1156 1839 repleuerat,

96 1858 204 1898 ramenta
213 1865 345 1902 serrarum
359 1852 439 1921 (quse
448 1862 537 1904 tamen
547 1869 563 1904 ι
574 1851 654 1904 scobe
665 1850 808 1924 distinguit
821 1851 928 1904 Colum.
937 1851 986 1913 1v,
997 1869 1040 1919 ις,
1052 1853 1095 1908 ιθ.
1111 1846 1158 1900 uhi

97 1924 143 1978 vld.
153 1927 291 2004 Sehoettg.)
301 1932 392 1986 Germ.
405 1937 538 2000 hildrud,
548 1941 698 2004 Siigsspdrte.
711 1937 783 1990 Nota
797 1937 865 1990 rich.
875 1949 915 1990 est
926 1953 933 1989 :
947 1960 958 1982 ι
968 1939 1040 1987 &obs
1049 1953 1104 1986 uon
1114 1951 1159 1985 so·

98 2006 158 2074 lum,
170 2013 241 2085 quod
255 2034 271 2068 e
286 2017 363 2087 ligno
378 2016 517 2084 deteritur,
531 2021 715 2072 verumetiam
728 2019 829 2092 quode
841 2019 914 2074 ferro
927 2018 1077 2073 deraditur.
1091 2018 1158 2070 Sen-

98 2096 268 2152 trutinantem
286 2101 313 2154 h.
330 2101 381 2155 loc.
397 2113 453 2154 est:
469 2101 502 2155 du
517 2103 559 2156 his
573 2102 644 2159 adeo
660 2104 828 2168 sollicitaris,
849 2123 908 2178 qun
923 2115 1012 2158 tamen
1029 2104 1066 2154 ita
1080 2099 1160 2153 facile

99 2194 199 2248 possunt
215 2183 366 2260 emendari,
384 2197 414 2239 ut
428 2205 519 2241 servus
533 2177 603 2241 duur
615 2189 720 2260 singula
733 2202 838 2261 tergens
855 2208 886 2242 rc
899 2188 1031 2242 deradens
1042 2187 1087 2242 vix
1097 2185 1161 2240 inde

99 2265 176 2328 scolis,
192 2266 321 2336 pulveris,
336 2281 532 2336 ramentorum,
545 2273 650 2331 auferat
661 2277 806 2339 semodium,
821 2273 941 2326 modium
951 2272 1101 2326 dimidium.
1109 2268 1162 2322 Alii

99 2345 131 2398 ita
141 2350 272 2420 explicant
283 2370 290 2404 ε
303 2372 367 2424 ergo
383 2355 463 2408 miser
479 2354 610 2427 trepidas,
626 2375 675 2420 ne,
691 2369 761 2422 etc.,
778 2375 861 2428 quum
880 2369 970 2409 tumen
988 2375 1079 2408 servus
1091 2371 1164 2406 nnus

99 2429 156 2483 huic
168 2435 234 2486 malo
244 2435 326 2488 focile
337 2437 421 2509 possit
435 2438 550 2504 mederi,
568 2439 626 2493 scil.
638 2441 737 2512 injecto
748 2438 869 2493 semodio
882 2440 978 2494 scobis.
990 2465 1001 2486 ι
1013 2467 1047 2480 -·
1059 2437 1161 2508 Cruqu.

99 2511 131 2564 ad
141 2515 224 2570 llorat.
238 2520 324 2573 Serm.
338 2523 385 2585 11,
402 2527 435 2588 4,
446 2523 496 2576 80:
511 2523 574 2575 ·hie
587 2525 663 2576 scobis
670 2563 677 2588 ,
698 2523 799 2596 inquit,
812 2537 839 2578 et
847 2524 905 2578 hoec
916 2526 999 2592 scobes
1009 2519 1110 2574 dicitur
1119 2537 1162 2572 ra·

90 2615 151 2651 sura
161 2617 298 2669 serrarum,
316 2604 428 2672 Grnce,
446 2605 558 2678 mpieps:
578 2607 624 2659 sed
640 2608 686 2661 hic
701 2627 751 2680 pro
763 2607 837 2660 omni
850 2617 1028 2679 purgamento
1042 2603 1163 2677 ponitur.

99 2678 158 2734 Sunt
167 2684 211 2755 qui
223 2686 308 2740 velint
319 2687 364 2740 hic
374 2707 431 2742 esse
441 2690 554 2754 tenum,
564 2709 619 2761 quo
631 2690 765 2744 roduntur
782 2690 874 2746 sordes
884 2710 899 2744 s
911 2692 1081 2763 pavimento,
1098 2707 1112 2741 r
1123 2701 1162 2741 tn-

99 2761 161 2817 bulis
178 2770 348 2834 marmoreis,
365 2773 400 2823 ab
424 2772 489 2844 ipsis
508 2771 626 2828 sedibus.
639 2801 650 2821 ι
668 2775 854 2845 Caeteroquin,
878 2785 910 2826 ut
929 2771 1049 2826 Crumeri
1067 2772 1163 2834 verbs,

100 2865 152 2920 pag.
164 2849 220 2913 511,
230 2855 422 2920 tpnnscribnm,
435 2855 503 2908 iuter
513 2860 595 2908 scobes
606 2868 633 2909 et
646 2874 756 2910 ramenta
765 2875 878 2930 parumn
890 2869 915 2910 et
927 2857 981 2909 iere
992 2855 1098 2910 nullum
1109 2853 1164 2906 dis·

100 2933 186 2987 crimen
196 2949 248 2996 est,
259 2952 284 2990 et
295 2937 370 3010 quod
379 2959 436 2992 esse
446 2939 521 2994 niunt
530 2941 575 2994 vix
585 2941 696 3012 probari
705 2953 800 3014 potest.
813 2941 843 2998 In
855 2939 943 2996 Gloss.
959 2957 1066 3010 quoque
1075 2937 1163 2990 Grsec.

100 3014 139 3070 lat
152 3033 259 3093 utraque
272 3023 357 3076 lntinn
370 3023 525 3077 voxendem
536 3042 620 3094 graecu
633 3024 808 3094 exprimitur:
824 3015 929 3094 liuppu,
944 3025 1036 3085 scobis,
1047 3023 1164 3082 scabino,

102 3117 265 3170 trumentum,
279 3119 429 3168 ramentum,
443 3109 568 3158 limumua.
581 3107 700 3160 Cramer.
713 3104 811 3160 deinde
826 3125 872 3162 eos
884 3105 1059 3178 exagitatqul
1071 3104 1165 3158 scobes

102 3182 141 3235 hie
152 3205 178 3238 eu
187 3188 337 3260 rccipiunt,
351 3208 410 3260 qure
420 3188 518 3241 detrita
529 3202 590 3242 suut
603 3189 686 3255 ferro,
699 3188 825 3244 adhibita
838 3191 866 3243 in
878 3209 935 3244 reru
945 3189 1000 3244 sire
1013 3189 1092 3254 tima,
1110 3188 1165 3243 sive
1213 3245 1215 3250 ,

101 3266 335 3325 rlioiustrnmento.
356 3275 412 3326 En.

131 3365 192 3419 Nor.
210 3370 251 3421 68.
272 3371 329 3421 Non
340 3372 424 3440 agitas
434 3381 539 3435 mente,
553 3388 608 3422 non
621 3387 706 3423 curas.
717 3400 752 3411 -
760 3375 865 3422 Domum
876 3385 998 3437 sanctam,
1010 3368 1067 3423 vid.
1078 3369 1162 3422 Bentl.

105 3447 136 3500 td
146 3449 231 3506 Horat.
247 3450 301 3507 Od.
316 3453 366 3519 lv,
379 3458 410 3517 4,
422 3451 465 3506 ι5.

138 3594 198 3645 Vm.
215 3597 255 3662 69.
277 3597 359 3654 Tabe,
371 3599 413 3648 23.

135 3691 195 3743 Vn.
212 3713 252 3756 70·
271 3694 411 3744 Versushic
418 3695 485 3744 abest
492 3695 571 3744 abal.
579 3693 816 3760 Patriaequededisri
819 3709 879 3753 ,ιι.
888 3691 1080 3742 Patribreseivem
1083 3708 1163 3758 popte-
1219 3715 1226 3744 t

105 3779 168 3844 Inque
174 3785 264 3834 emend.
274 3795 298 3833 et
307 3784 423 3850 coppioee
435 3781 567 3832 defendere
575 3781 712 3832 connbrtur
720 3781 798 3830 Bentl.
808 3781 839 3829 sd
849 3783 910 3828 Hor.
919 3780 970 3828 Od.
979 3781 1062 3839 111,6‚
1071 3796 1111 3839 ιο,
1118 3795 1166 3845 pu·

104 3873 157 3924 um,
166 3863 269 3932 ineptam
279 3883 330 3916 non
338 3867 414 3916 modo
421 3867 469 3915 hoe
477 3867 534 3916 loco
541 3883 593 3915 esse
602 3865 772 3930 tautologiam,
781 3865 824 3914 sed
834 3861 957 3913 inficetum
966 3880 1065 3928 qnoque
1075 3863 1164 3914 incon-

104 3947 235 4014 cinmmque
245 3951 417 4015 repetitionem
426 3966 480 4000 voe.
485 3950 585 4017 petrice.
604 3952 634 4000 ln
646 3949 693 4000 ltro
706 3966 766 3998 vero
779 3949 925 4015 repetitione
938 3966 1024 4014 magur
1034 3949 1116 4014 potius
1126 3939 1168 3996 vis'

104 4030 168 4094 inest,
176 4045 198 4082 et
205 4037 312 4100 patmum
323 4036 488 4100 populumque
498 4035 589 4083 diserte
604 4035 677 4083 etiam
684 4035 768 4096 junxit
779 4031 853 4080 oud.
864 4033 964 4080 Metam.
979 4035 1036 4093 XV,
1047 4035 1072 4093 5,
1087 4049 1101 4078 ι
1112 4031 1165 4096 (cui

104 4111 152 4162 looo
161 4117 264 4166 eumdem
275 4117 394 4166 adhibere
407 4117 566 4178 medicinam,
582 4133 676 4182 mngnre
688 4115 830 4164 temeritatis
841 4115 910 4180 eet),
925 4131 1006 4179 neque
1021 4130 1048 4162 eu
1061 4129 1162 4178 prorsus

105 4205 229 4265 tyuottymn'
240 4217 292 4250 esse
303 4201 392 4261 verbs,
411 4201 454 4251 sed
461 4201 586 4267 patriam,
600 4211 720 4266 quatenus
730 4201 762 4248 sit
772 4202 824 4265 ipse
835 4193 973 4265 respublica
982 4199 1038 4248 crim
1050 4199 1162 4264 partibus

18 4322 22 4364 ι
105 4281 161 4346 1⁰1¹,
175 4288 307 4350 najeente,
326 4286 460 4354 dignitate,
477 4286 605 4338 securitate
622 4297 647 4336 et
663 4285 741 4336 salute
754 4285 865 4353 publice,
883 4284 1002 4350 distingui
1011 4293 1035 4333 et
1047 4297 1121 4348 posse
1138 4289 1164 4329 et
