3036 4984
402 465 577 532 SATlllA
599 469 665 536 UN
672 471 873 539 DECIMA.
1111 481 1170 562 145

98 571 287 665 Figendum
303 589 339 643 et
354 579 498 648 memori
514 583 726 654 tractandum
746 604 898 680 pectore,
915 591 987 672 sive¹

98 681 306 778 Gonjugium
325 710 471 780 quaeras,
489 686 540 758 vel
556 692 643 760 sacri
660 693 695 761 in
709 712 805 789 parte
818 701 960 770 Senatus

98 789 178 858 Esse
193 792 274 861 velis
291 815 299 861 t
321 819 385 864 nec
402 795 492 863 enim
511 794 647 866 loricam
666 804 776 894 poscit
791 806 933 879 Achrllis

95 901 283 987 Thersites,
303 903 339 970 in
357 929 425 999 qua
443 929 478 973 se
496 907 733 980 transducebat
751 912 875 985 Ulixes.
989 957 999 976 ·

140 1013 338 1107 Ancipitem
357 1038 417 1081 seu
438 1028 475 1082 tu
492 1040 617 1110 magno
636 1017 828 1092 discrimine
845 1049 978 1100 causam

97 1123 282 1218 Protegere
298 1123 457 1209 allectas,
476 1140 508 1194 te
526 1125 685 1215 consule;
701 1128 756 1199 dic
772 1132 847 1219 tibi,
865 1140 923 1230 qui
940 1142 1002 1230 sis,

95 1235 220 1302 Orator
235 1236 434 1323 vehemens,
452 1260 495 1304 an
512 1239 652 1308 Curtius
671 1254 707 1308 et
724 1244 843 1314 Matho
859 1248 984 1326 buccae.

94 1347 276 1414 Noscenda
290 1363 340 1416 est
358 1371 515 1416 mensura
531 1349 579 1415 tui
597 1351 844 1448 spectandaque
861 1359 960 1431 rebus
1137 1383 1171 1438 35

93 1457 130 1522 lu
145 1457 292 1524 summis
308 1456 543 1551 minimisque,
562 1458 662 1526 etiam
680 1487 786 1554 quum
801 1466 901 1558 piscis
916 1486 1057 1563 emetur,
1112 1497 1117 1508 ·

92 1565 140 1633 Ne
152 1563 301 1634 mullum
317 1567 447 1660 cupias,
467 1590 572 1660 quum
588 1567 631 1636 sit
649 1569 708 1639 tibi
726 1574 830 1667 gobio
849 1593 980 1650 tantum

91 1677 127 1742 lu
144 1672 294 1745 loculis:
315 1677 389 1771 quis
407 1678 498 1746 enim
517 1693 568 1763 te,
589 1679 768 1752 deficiente
787 1711 946 1760 crumena

90 1785 130 1854 Et
149 1801 325 1855 crescente
346 1786 441 1881 gula,
458 1803 570 1856 manet
588 1791 712 1878 exitus,
731 1821 797 1866 aere
816 1815 959 1892 paterno

89 1895 137 1962 Ac
155 1895 261 1964 rebus
276 1897 394 1964 mersis
411 1896 446 1964 in
463 1913 630 1985 ventrem,
648 1901 771 1975 seueris
785 1923 887 2004 atque
1132 1939 1169 1999 to

92 2004 234 2097 Argenti
250 1995 362 2100 gravis
379 2020 413 2075 et
430 2031 588 2100 pecorum
607 2035 835 2112 agrorumque
851 2024 1034 2116 capacem?

90 2112 225 2184 Talibus
244 2141 266 2184 a
280 2113 429 2184 dominis
445 2133 522 2211 post
541 2135 663 2189 cuncta
682 2127 883 2199 novissimus
901 2134 970 2203 exit
1051 2173 1057 2184 ·

89 2223 262 2310 tinnulus,
281 2240 316 2294 et
332 2224 440 2320 digito
456 2226 627 2298 mendicat
642 2232 752 2303 Pollio
769 2239 873 2311 nudo.

88 2336 164 2404 Non
186 2335 386 2430 praematuri
408 2336 555 2424 cineres,
573 2363 635 2408 nee
654 2340 756 2412 funus
772 2349 933 2420 acerbum

87 2446 269 2532 Luxuriae,
286 2445 344 2516 sed
361 2459 470 2514 morte
487 2448 593 2542 magis
610 2452 792 2522 metuenda
807 2457 973 2534 senectus.
1130 2483 1164 2547 45
1255 2469 1258 2474 “

86 2623 155 2706 gites
164 2676 173 2702 ,
198 2634 262 2690 sive
280 2633 311 2690 in
327 2644 442 2691 senatus
456 2636 548 2693 sancti
564 2648 676 2711 partem
694 2625 826 2717 cooptari
841 2647 922 2708 velis.
941 2649 1058 2725 Quippe
1073 2651 1165 2710 Ther·

86 2725 148 2782 sites
158 2727 439 2784 Achillisdemortui
450 2747 527 2784 arma
538 2748 597 2785 nou
605 2751 689 2790 ausus
700 2745 742 2790 est
751 2751 887 2811 poscere,
895 2759 954 2798 snae
961 2741 1017 2798 sibi
1029 2741 1166 2800 videlicet

86 2817 208 2892 ignaviae
216 2819 360 2889 conscius,
370 2820 475 2896 quibus
487 2822 612 2880 serendis
621 2843 659 2882 ne
669 2825 730 2901 ipse
743 2829 862 2904 quidem
872 2835 988 2912 Ulysses
999 2853 1062 2910 par,
1072 2855 1163 2911 quum

87 2928 117 2965 ee
130 2911 250 2982 induit,
263 2911 392 2968 ludibrio
406 2922 449 2967 est
460 2913 585 2971 babitus.
668 2963 670 2970 .

122 3003 169 3060 32.
193 3003 240 3059 Ad
260 3003 340 3060 hunc
350 3003 469 3060 modum
482 3015 530 3069 tu.
540 3025 629 3081 quum
638 3008 829 3083 periculosam
838 3022 867 3068 et
877 3012 996 3072 dubiam
1005 3016 1163 3079 defendere

86 3113 195 3152 musam
209 3094 395 3174 meditaberis
404 3095 433 3151 in
443 3097 526 3164 loro,
539 3109 600 3154 tuas
614 3100 689 3168 uires
705 3105 852 3178 expende,
868 3115 955 3164 uma
966 3108 1027 3182 ipse
1036 3109 1158 3186 inspice3
1194 3183 1199 3192 1

85 3205 122 3240 ιιι
131 3188 272 3260 eloquens
283 3186 453 3261 peritusque
463 3189 501 3246 sis
511 3201 665 3262 patronus,
682 3211 719 3248 au
736 3195 838 3252 Curtio
853 3207 882 3253 et
897 3199 1044 3272 Mathoni,
1062 3203 1160 3262 buccis

85 3278 272 3352 loquacibus,
298 3278 407 3335 similis.
428 3281 591 3337 Mensarum
612 3286 652 3338 tui
673 3285 798 3362 ingenii.
822 3289 963 3349 facultatis
982 3296 1114 3368 attende,
1134 3298 1160 3354 si

85 3368 158 3444 quid
168 3370 283 3444 majoris
293 3370 451 3446 minorisve
466 3373 576 3448 nogotii
588 3375 738 3448 suscipias,
749 3379 834 3435 etiam
848 3400 937 3455 quum
951 3385 1058 3458 piscem
1072 3407 1158 3460 emes,

84 3481 121 3517 ue
135 3463 256 3518 mullum
271 3473 403 3536 appetas,
420 3463 537 3535 quando
552 3467 688 3540 gobionis
702 3472 827 3543 pretinm
842 3473 981 3532 duntaxat
996 3479 1113 3536 babebis
1125 3481 1158 3537 in

83 3575 229 3612 crumena.
244 3559 393 3625 Quorsum
406 3555 500 3624 enirn,
511 3576 607 3630 quaeso
616 3601 624 3624 ,
634 3561 751 3630 evades,
766 3583 872 3637 quum,
886 3569 1029 3627 exhaustis
1040 3573 1155 3645 opibus,

82 3649 237 3724 augebitur
256 3647 412 3703 lautiorum
433 3648 539 3722 dapum
563 3655 747 3725 appetentia?
773 3660 871 3725 Quum
896 3663 1102 3734 patrimonium
1127 3679 1157 3724 et

80 3742 215 3800 fortunas
230 3759 332 3798 omnes
344 3742 500 3814 conjeceris
512 3743 542 3799 in
557 3756 637 3801 tuum
648 3748 807 3816 abdomen,
819 3753 899 3823 quod
911 3754 1002 3811 instar
1010 3760 1156 3836 voraginis

5 3893 6 3900 χ
81 3853 273 3904 usuras,resa
284 3845 434 3910 argentea.
451 3853 570 3910 greges,
586 3836 708 3907 fundos,
724 3842 861 3899 absorbet
874 3846 1057 3906 codevorat?
1076 3853 1156 3925 Ejus·

80 3929 164 3986 modi
179 3929 347 3995 helluones,
371 3938 437 4001 post
453 3929 550 3985 omnia
571 3931 647 3987 bona
666 3946 850 4007 consumpta,
868 3951 1013 4013 poguntur
1029 3943 1157 4019 deniqne

5 4047 6 4050 ι
81 4021 210 4078 rendere
221 4041 303 4076 suum
316 4021 472 4090 annulum
485 4039 578 4095 eoque
592 4034 706 4080 exutam
720 4026 812 4082 Pollio
825 4048 939 4088 manum
956 4038 1104 4107 protendit
1117 4040 1156 4097 ad

81 4115 185 4189 stipem
202 4115 424 4192 corrogandam.
444 4113 504 4170 lllis
522 4119 700 4192 ganeonibus
719 4138 778 4174 uon
794 4131 852 4177 tum
870 4143 982 4198 praecox
1003 4141 1032 4184 et
1050 4131 1155 4189 iutern-

5 4203 6 4212 ’
82 4207 193 4281 pestiva
205 4227 302 4280 mors,
319 4225 407 4284 quam
419 4217 550 4264 senectus
563 4208 624 4286 ipsa
638 4220 680 4267 est
694 4210 931 4287 pertimescenda.
946 4221 1040 4277 Porro
1055 4223 1093 4280 ad
1104 4245 1156 4282 ea-

170 4297 216 4361 ll.
982 4332 1021 4380 ιο
1109 4381 1113 4392 ,
