<?xml version="1.0" encoding="UTF-8"?>
<!DOCTYPE html PUBLIC "-//W3C//DTD XHTML 1.0 Transitional//EN"
    "http://www.w3.org/TR/xhtml1/DTD/xhtml1-transitional.dtd">
<html xmlns="http://www.w3.org/1999/xhtml" xml:lang="en" lang="en">
 <head>
  <title>
</title>
<meta http-equiv="Content-Type" content="text/html;charset=utf-8" />
  <meta name='ocr-system' content='tesseract 3.04.00' />
  <meta name='ocr-capabilities' content='ocr_page ocr_carea ocr_par ocr_line ocrx_word'/>
</head>
<body>
  <div class='ocr_page' id='page_1' title='image "./sexdecimsatir02lemagoog_0213.png"; bbox 0 0 3030 4984; ppageno 0'>
   <div class='ocr_carea' id='block_1_1' title="bbox 217 403 1124 490">
    <p class='ocr_par' dir='ltr' id='par_1_1' title="bbox 217 403 1124 490">
     <span class='ocr_line' id='line_1_1' title="bbox 217 403 1124 490; baseline 0.008 -27"><span class='ocrx_word' id='word_1_1' title='bbox 217 475 222 490; x_wconf 40' lang='lat'>,</span> <span class='ocrx_word' id='word_1_2' title='bbox 334 404 400 481; x_wconf 72' lang='lat'>204</span> <span class='ocrx_word' id='word_1_3' title='bbox 605 405 647 470; x_wconf 89' lang='lat' dir='ltr'>n.</span> <span class='ocrx_word' id='word_1_4' title='bbox 676 403 814 471; x_wconf 85' lang='lat' dir='ltr'>Juurr</span> <span class='ocrx_word' id='word_1_5' title='bbox 841 403 1124 472; x_wconf 76' lang='lat' dir='ltr'>suvauanrs</span> 
     </span>
    </p>
   </div>
   <div class='ocr_carea' id='block_1_2' title="bbox 332 518 1505 2264">
    <p class='ocr_par' dir='ltr' id='par_1_2' title="bbox 332 518 1169 724">
     <span class='ocr_line' id='line_1_2' title="bbox 332 518 1169 608; baseline 0.004 -23"><span class='ocrx_word' id='word_1_6' title='bbox 332 518 429 589; x_wconf 87' lang='lat' dir='ltr'><strong>Adde</strong></span> <span class='ocrx_word' id='word_1_7' title='bbox 444 533 478 589; x_wconf 88' lang='lat' dir='ltr'>et</span> <span class='ocrx_word' id='word_1_8' title='bbox 494 520 689 608; x_wconf 81' lang='lat' dir='ltr'>bascaudas,</span> <span class='ocrx_word' id='word_1_9' title='bbox 711 536 746 590; x_wconf 92' lang='lat' dir='ltr'>et</span> <span class='ocrx_word' id='word_1_10' title='bbox 765 519 854 590; x_wconf 91' lang='lat' dir='ltr'>mille</span> <span class='ocrx_word' id='word_1_11' title='bbox 868 523 1006 604; x_wconf 85' lang='lat' dir='ltr'>escaria,</span> <span class='ocrx_word' id='word_1_12' title='bbox 1027 519 1169 589; x_wconf 89' lang='lat' dir='ltr'>multum</span> 
     </span>
     <span class='ocr_line' id='line_1_3' title="bbox 333 613 1168 724; baseline -0.006 -25"><span class='ocrx_word' id='word_1_13' title='bbox 333 627 465 714; x_wconf 87' lang='lat' dir='ltr'>Caelati,</span> <span class='ocrx_word' id='word_1_14' title='bbox 484 613 614 698; x_wconf 77' lang='lat' dir='ltr'>biberat</span> <span class='ocrx_word' id='word_1_15' title='bbox 631 655 699 724; x_wconf 94' lang='lat' dir='ltr'>quo</span> <span class='ocrx_word' id='word_1_16' title='bbox 717 629 853 699; x_wconf 89' lang='lat' dir='ltr'>callidus</span> <span class='ocrx_word' id='word_1_17' title='bbox 868 643 1000 723; x_wconf 82' lang='lat' dir='ltr'>emptor</span> <span class='ocrx_word' id='word_1_18' title='bbox 1017 627 1168 722; x_wconf 86' lang='lat' dir='ltr'><strong>Olynthi.</strong></span> 
     </span>
    </p>

    <p class='ocr_par' dir='ltr' id='par_1_3' title="bbox 332 733 1258 940">
     <span class='ocr_line' id='line_1_4' title="bbox 332 733 1258 833; baseline -0.006 -29"><span class='ocrx_word' id='word_1_19' title='bbox 332 735 397 804; x_wconf 86' lang='lat' dir='ltr'>Sed</span> <span class='ocrx_word' id='word_1_20' title='bbox 411 738 485 830; x_wconf 88' lang='lat' dir='ltr'>quis</span> <span class='ocrx_word' id='word_1_21' title='bbox 501 762 592 808; x_wconf 92' lang='lat' dir='ltr'>nunc</span> <span class='ocrx_word' id='word_1_22' title='bbox 605 736 703 823; x_wconf 89' lang='lat' dir='ltr'>alius,</span> <span class='ocrx_word' id='word_1_23' title='bbox 721 765 787 833; x_wconf 90' lang='lat' dir='ltr'>qua</span> <span class='ocrx_word' id='word_1_24' title='bbox 800 739 918 807; x_wconf 92' lang='lat' dir='ltr'>mundi</span> <span class='ocrx_word' id='word_1_25' title='bbox 932 754 1042 830; x_wconf 87' lang='lat' dir='ltr'>parte,</span> <span class='ocrx_word' id='word_1_26' title='bbox 1057 737 1130 830; x_wconf 91' lang='lat' dir='ltr'>quis</span> <span class='ocrx_word' id='word_1_27' title='bbox 1143 733 1258 804; x_wconf 86' lang='lat' dir='ltr'>audet..</span> 
     </span>
     <span class='ocr_line' id='line_1_5' title="bbox 332 843 1121 940; baseline -0.001 -26"><span class='ocrx_word' id='word_1_28' title='bbox 332 845 482 939; x_wconf 78' lang='lat' dir='ltr'>Argento</span> <span class='ocrx_word' id='word_1_29' title='bbox 497 846 655 940; x_wconf 75' lang='lat' dir='ltr'>preferre</span> <span class='ocrx_word' id='word_1_30' title='bbox 669 862 769 940; x_wconf 86' lang='lat' dir='ltr'>caput</span> <span class='ocrx_word' id='word_1_31' title='bbox 784 847 945 940; x_wconf 83' lang='lat' dir='ltr'>rebusque</span> <span class='ocrx_word' id='word_1_32' title='bbox 959 843 1121 916; x_wconf 85' lang='lat' dir='ltr'>sulutem?</span> 
     </span>
    </p>

    <p class='ocr_par' dir='ltr' id='par_1_4' title="bbox 332 952 1505 2264">
     <span class='ocr_line' id='line_1_6' title="bbox 332 952 1247 1050; baseline -0.008 -23"><span class='ocrx_word' id='word_1_33' title='bbox 332 952 349 984; x_wconf 75' lang='lat'>&#39;⁵</span> <span class='ocrx_word' id='word_1_34' title='bbox 361 957 441 1027; x_wconf 87' lang='lat' dir='ltr'>Non</span> <span class='ocrx_word' id='word_1_35' title='bbox 458 972 596 1050; x_wconf 85' lang='lat' dir='ltr'>propter</span> <span class='ocrx_word' id='word_1_36' title='bbox 614 957 717 1026; x_wconf 79' lang='lat' dir='ltr'>vitam</span> <span class='ocrx_word' id='word_1_37' title='bbox 733 955 861 1025; x_wconf 81' lang='lat' dir='ltr'>faciunt</span> <span class='ocrx_word' id='word_1_38' title='bbox 878 957 1080 1050; x_wconf 86' lang='lat' dir='ltr'>patrimonia</span> <span class='ocrx_word' id='word_1_39' title='bbox 1094 953 1247 1047; x_wconf 85' lang='lat' dir='ltr'>quidam;</span> 
     </span>
     <span class='ocr_line' id='line_1_7' title="bbox 333 1062 1134 1162; baseline -0.002 -26"><span class='ocrx_word' id='word_1_40' title='bbox 333 1062 349 1096; x_wconf 70' lang='lat'>⁴*</span> <span class='ocrx_word' id='word_1_41' title='bbox 362 1067 426 1136; x_wconf 91' lang='lat' dir='ltr'>Sed</span> <span class='ocrx_word' id='word_1_42' title='bbox 441 1068 521 1136; x_wconf 88' lang='lat' dir='ltr'>vitio</span> <span class='ocrx_word' id='word_1_43' title='bbox 537 1068 616 1138; x_wconf 82' lang='lat' dir='ltr'>caeci</span> <span class='ocrx_word' id='word_1_44' title='bbox 632 1081 772 1162; x_wconf 86' lang='lat' dir='ltr'>propter</span> <span class='ocrx_word' id='word_1_45' title='bbox 787 1067 988 1159; x_wconf 82' lang='lat' dir='ltr'>patrimonia</span> <span class='ocrx_word' id='word_1_46' title='bbox 1005 1067 1134 1135; x_wconf 90' lang='lat' dir='ltr'>vivunt.</span> 
     </span>
     <span class='ocr_line' id='line_1_8' title="bbox 334 1177 1179 1269; baseline 0 -25"><span class='ocrx_word' id='word_1_47' title='bbox 334 1177 484 1247; x_wconf 81' lang='lat' dir='ltr'>lactatur</span> <span class='ocrx_word' id='word_1_48' title='bbox 499 1200 611 1246; x_wconf 85' lang='lat' dir='ltr'>rerum</span> <span class='ocrx_word' id='word_1_49' title='bbox 628 1177 760 1247; x_wconf 90' lang='lat' dir='ltr'>utilium</span> <span class='ocrx_word' id='word_1_50' title='bbox 777 1199 853 1269; x_wconf 81' lang='lat' dir='ltr'>pars</span> <span class='ocrx_word' id='word_1_51' title='bbox 868 1179 1027 1263; x_wconf 63' lang='lat' dir='ltr'>maxima}</span> <span class='ocrx_word' id='word_1_52' title='bbox 1045 1177 1101 1246; x_wconf 85' lang='lat' dir='ltr'>sed</span> <span class='ocrx_word' id='word_1_53' title='bbox 1115 1200 1179 1245; x_wconf 91' lang='lat' dir='ltr'>nec</span> 
     </span>
     <span class='ocr_line' id='line_1_9' title="bbox 335 1284 1211 1382; baseline -0.003 -26"><span class='ocrx_word' id='word_1_54' title='bbox 335 1289 467 1356; x_wconf 88' lang='lat' dir='ltr'>Damna</span> <span class='ocrx_word' id='word_1_55' title='bbox 483 1287 593 1356; x_wconf 88' lang='lat' dir='ltr'>levant</span> <span class='ocrx_word' id='word_1_56' title='bbox 609 1314 616 1355; x_wconf 92' lang='lat'><strong>:</strong></span> <span class='ocrx_word' id='word_1_57' title='bbox 631 1303 729 1372; x_wconf 88' lang='lat' dir='ltr'>tunc,</span> <span class='ocrx_word' id='word_1_58' title='bbox 743 1287 889 1357; x_wconf 86' lang='lat' dir='ltr'>adversis</span> <span class='ocrx_word' id='word_1_59' title='bbox 902 1286 1116 1382; x_wconf 83' lang='lat' dir='ltr'>urgentibus,</span> <span class='ocrx_word' id='word_1_60' title='bbox 1132 1284 1211 1354; x_wconf 93' lang='lat' dir='ltr'>illuc</span> 
     </span>
     <span class='ocr_line' id='line_1_10' title="bbox 335 1395 1505 1486; baseline -0.002 -20"><span class='ocrx_word' id='word_1_61' title='bbox 335 1396 485 1486; x_wconf 85' lang='lat' dir='ltr'>Recidit,</span> <span class='ocrx_word' id='word_1_62' title='bbox 501 1412 540 1468; x_wconf 90' lang='lat' dir='ltr'>ut</span> <span class='ocrx_word' id='word_1_63' title='bbox 555 1395 679 1466; x_wconf 89' lang='lat' dir='ltr'>malurn</span> <span class='ocrx_word' id='word_1_64' title='bbox 695 1395 783 1467; x_wconf 86' lang='lat' dir='ltr'>ferro</span> <span class='ocrx_word' id='word_1_65' title='bbox 802 1397 1028 1480; x_wconf 80' lang='lat' dir='ltr'>submitteret,</span> <span class='ocrx_word' id='word_1_66' title='bbox 1046 1421 1085 1466; x_wconf 89' lang='lat' dir='ltr'>ac</span> <span class='ocrx_word' id='word_1_67' title='bbox 1097 1419 1132 1465; x_wconf 91' lang='lat' dir='ltr'>se</span> <span class='ocrx_word' id='word_1_68' title='bbox 1504 1463 1505 1478; x_wconf 58' lang='grc'>,</span> 
     </span>
     <span class='ocr_line' id='line_1_11' title="bbox 336 1505 1403 1603; baseline -0.008 -27"><span class='ocrx_word' id='word_1_69' title='bbox 336 1507 490 1602; x_wconf 81' lang='lat' dir='ltr'>Explicat</span> <span class='ocrx_word' id='word_1_70' title='bbox 504 1523 700 1603; x_wconf 83' lang='lat' dir='ltr'>angustum,</span> <span class='ocrx_word' id='word_1_71' title='bbox 717 1507 920 1578; x_wconf 86' lang='lat' dir='ltr'>discriminis</span> <span class='ocrx_word' id='word_1_72' title='bbox 935 1505 1068 1592; x_wconf 87' lang='lat' dir='ltr'>ultima,</span> <span class='ocrx_word' id='word_1_73' title='bbox 1085 1505 1220 1600; x_wconf 90' lang='lat' dir='ltr'>quando</span> <span class='ocrx_word' id='word_1_74' title='bbox 1332 1589 1334 1592; x_wconf 16' lang='grc' dir='ltr'>Ι</span> <span class='ocrx_word' id='word_1_75' title='bbox 1368 1510 1403 1568; x_wconf 80' lang='lat'>55</span> 
     </span>
     <span class='ocr_line' id='line_1_12' title="bbox 337 1601 1505 1705; baseline -0.003 -17"><span class='ocrx_word' id='word_1_76' title='bbox 337 1619 494 1690; x_wconf 68' lang='lat' dir='ltr'>presidia</span> <span class='ocrx_word' id='word_1_77' title='bbox 507 1619 695 1705; x_wconf 82' lang='lat' dir='ltr'>afferimus,</span> <span class='ocrx_word' id='word_1_78' title='bbox 709 1641 827 1690; x_wconf 83' lang='lat' dir='ltr'>navem</span> <span class='ocrx_word' id='word_1_79' title='bbox 842 1617 970 1687; x_wconf 82' lang='lat' dir='ltr'>lactura</span> <span class='ocrx_word' id='word_1_80' title='bbox 985 1619 1161 1686; x_wconf 90' lang='lat' dir='ltr'>minorem.</span> <span class='ocrx_word' id='word_1_81' title='bbox 1504 1601 1505 1608; x_wconf 7' lang='grc' dir='ltr'>ἵ</span> 
     </span>
     <span class='ocr_line' id='line_1_13' title="bbox 338 1726 1160 1816; baseline -0.002 -18"><span class='ocrx_word' id='word_1_82' title='bbox 338 1733 356 1798; x_wconf 96' lang='grc' dir='ltr'><strong>Ι</strong></span> <span class='ocrx_word' id='word_1_83' title='bbox 375 1755 485 1816; x_wconf 92' lang='lat' dir='ltr'>nunc,</span> <span class='ocrx_word' id='word_1_84' title='bbox 506 1745 539 1800; x_wconf 91' lang='lat' dir='ltr'>et</span> <span class='ocrx_word' id='word_1_85' title='bbox 555 1731 659 1800; x_wconf 85' lang='lat' dir='ltr'>ventis</span> <span class='ocrx_word' id='word_1_86' title='bbox 676 1729 820 1802; x_wconf 79' lang='lat' dir='ltr'>animam</span> <span class='ocrx_word' id='word_1_87' title='bbox 840 1727 1029 1813; x_wconf 87' lang='lat' dir='ltr'>committe,</span> <span class='ocrx_word' id='word_1_88' title='bbox 1049 1726 1160 1797; x_wconf 88' lang='lat' dir='ltr'>dolato</span> 
     </span>
     <span class='ocr_line' id='line_1_14' title="bbox 337 1838 1059 1935; baseline -0.007 -25"><span class='ocrx_word' id='word_1_89' title='bbox 337 1839 492 1910; x_wconf 87' lang='lat' dir='ltr'>Confisus</span> <span class='ocrx_word' id='word_1_90' title='bbox 508 1838 618 1935; x_wconf 82' lang='lat' dir='ltr'>ligno,</span> <span class='ocrx_word' id='word_1_91' title='bbox 632 1838 777 1934; x_wconf 83' lang='lat' dir='ltr'>digitisa</span> <span class='ocrx_word' id='word_1_92' title='bbox 790 1852 896 1908; x_wconf 88' lang='lat' dir='ltr'>morte</span> <span class='ocrx_word' id='word_1_93' title='bbox 913 1851 1059 1913; x_wconf 88' lang='lat' dir='ltr'>remotus</span> 
     </span>
     <span class='ocr_line' id='line_1_15' title="bbox 340 1943 1116 2042; baseline -0.001 -26"><span class='ocrx_word' id='word_1_94' title='bbox 340 1949 507 2038; x_wconf 88' lang='lat' dir='ltr'>Quatuor,</span> <span class='ocrx_word' id='word_1_95' title='bbox 520 1965 578 2018; x_wconf 85' lang='lat' dir='ltr'>aut</span> <span class='ocrx_word' id='word_1_96' title='bbox 594 1962 735 2042; x_wconf 82' lang='lat' dir='ltr'>septem,</span> <span class='ocrx_word' id='word_1_97' title='bbox 750 1949 777 2016; x_wconf 92' lang='lat' dir='ltr'>si</span> <span class='ocrx_word' id='word_1_98' title='bbox 794 1949 835 2017; x_wconf 92' lang='lat' dir='ltr'>sit</span> <span class='ocrx_word' id='word_1_99' title='bbox 849 1947 1004 2017; x_wconf 80' lang='lat' dir='ltr'>latissima</span> <span class='ocrx_word' id='word_1_100' title='bbox 1017 1943 1116 2016; x_wconf 76' lang='lat' dir='ltr'>tuda!</span> 
     </span>
     <span class='ocr_line' id='line_1_16' title="bbox 340 2055 1505 2153; baseline 0.003 -28"><span class='ocrx_word' id='word_1_101' title='bbox 340 2059 422 2125; x_wconf 85' lang='lat' dir='ltr'>Mox</span> <span class='ocrx_word' id='word_1_102' title='bbox 436 2082 512 2127; x_wconf 88' lang='lat' dir='ltr'>curn</span> <span class='ocrx_word' id='word_1_103' title='bbox 528 2057 688 2145; x_wconf 90' lang='lat' dir='ltr'>reticulis,</span> <span class='ocrx_word' id='word_1_104' title='bbox 704 2073 738 2128; x_wconf 89' lang='lat' dir='ltr'>et</span> <span class='ocrx_word' id='word_1_105' title='bbox 753 2082 857 2153; x_wconf 81' lang='lat' dir='ltr'>pane,</span> <span class='ocrx_word' id='word_1_106' title='bbox 874 2072 908 2127; x_wconf 92' lang='lat' dir='ltr'>et</span> <span class='ocrx_word' id='word_1_107' title='bbox 923 2059 1035 2126; x_wconf 67' lang='lat' dir='ltr'>vendre</span> <span class='ocrx_word' id='word_1_108' title='bbox 1049 2055 1193 2151; x_wconf 68' lang='lat' dir='ltr'>lagenae,</span> <span class='ocrx_word' id='word_1_109' title='bbox 1372 2065 1406 2117; x_wconf 83' lang='lat'>6⁰</span> <span class='ocrx_word' id='word_1_110' title='bbox 1504 2123 1505 2128; x_wconf 73' lang='grc'>,</span> 
     </span>
     <span class='ocr_line' id='line_1_17' title="bbox 339 2163 1085 2264; baseline 0.005 -28"><span class='ocrx_word' id='word_1_111' title='bbox 339 2163 485 2261; x_wconf 85' lang='lat' dir='ltr'>Adspice</span> <span class='ocrx_word' id='word_1_112' title='bbox 496 2169 671 2239; x_wconf 88' lang='lat' dir='ltr'>sumendas</span> <span class='ocrx_word' id='word_1_113' title='bbox 688 2171 723 2239; x_wconf 92' lang='lat' dir='ltr'>in</span> <span class='ocrx_word' id='word_1_114' title='bbox 739 2181 929 2264; x_wconf 78' lang='lat' dir='ltr'>tempestate</span> <span class='ocrx_word' id='word_1_115' title='bbox 944 2190 1085 2240; x_wconf 75' lang='lat' dir='ltr'>secures.</span> 
     </span>
    </p>
   </div>
   <div class='ocr_carea' id='block_1_3' title="bbox 339 2381 1420 3842">
    <p class='ocr_par' dir='ltr' id='par_1_5' title="bbox 339 2381 1420 3842">
     <span class='ocr_line' id='line_1_18' title="bbox 341 2381 1410 2463; baseline -0.004 -24"><span class='ocrx_word' id='word_1_116' title='bbox 341 2381 428 2440; x_wconf 87' lang='lat' dir='ltr'>rimas</span> <span class='ocrx_word' id='word_1_117' title='bbox 437 2382 595 2443; x_wconf 81' lang='lat' dir='ltr'>inserendis</span> <span class='ocrx_word' id='word_1_118' title='bbox 606 2387 727 2461; x_wconf 75' lang='lat' dir='ltr'>dapibus</span> <span class='ocrx_word' id='word_1_119' title='bbox 739 2385 873 2459; x_wconf 80' lang='lat' dir='ltr'>idoneas3</span> <span class='ocrx_word' id='word_1_120' title='bbox 891 2387 994 2463; x_wconf 84' lang='lat' dir='ltr'>pocula</span> <span class='ocrx_word' id='word_1_121' title='bbox 1007 2385 1104 2443; x_wconf 81' lang='lat' dir='ltr'>celata</span> <span class='ocrx_word' id='word_1_122' title='bbox 1120 2404 1155 2441; x_wconf 79' lang='lat' dir='ltr'>er</span> <span class='ocrx_word' id='word_1_123' title='bbox 1169 2390 1289 2459; x_wconf 82' lang='lat' dir='ltr'>argento</span> <span class='ocrx_word' id='word_1_124' title='bbox 1302 2395 1410 2454; x_wconf 81' lang='lat' dir='ltr'>perve-</span> 
     </span>
     <span class='ocr_line' id='line_1_19' title="bbox 340 2474 1409 2553; baseline -0.003 -24"><span class='ocrx_word' id='word_1_125' title='bbox 340 2485 432 2546; x_wconf 86' lang='lat' dir='ltr'>tusto,</span> <span class='ocrx_word' id='word_1_126' title='bbox 445 2476 550 2550; x_wconf 84' lang='lat' dir='ltr'>quibus</span> <span class='ocrx_word' id='word_1_127' title='bbox 563 2479 711 2553; x_wconf 87' lang='lat' dir='ltr'>Philippus</span> <span class='ocrx_word' id='word_1_128' title='bbox 724 2479 862 2548; x_wconf 79' lang='lat' dir='ltr'>Macedo,</span> <span class='ocrx_word' id='word_1_129' title='bbox 876 2479 900 2534; x_wconf 88' lang='lat' dir='ltr'>is</span> <span class='ocrx_word' id='word_1_130' title='bbox 916 2478 966 2553; x_wconf 90' lang='lat' dir='ltr'>qui</span> <span class='ocrx_word' id='word_1_131' title='bbox 983 2489 1041 2534; x_wconf 87' lang='lat' dir='ltr'>tam</span> <span class='ocrx_word' id='word_1_132' title='bbox 1059 2477 1159 2534; x_wconf 87' lang='lat' dir='ltr'>callide</span> <span class='ocrx_word' id='word_1_133' title='bbox 1176 2474 1339 2552; x_wconf 81' lang='lat' dir='ltr'>Olynthum</span> <span class='ocrx_word' id='word_1_134' title='bbox 1354 2489 1409 2527; x_wconf 88' lang='lat' dir='ltr'>ur-</span> 
     </span>
     <span class='ocr_line' id='line_1_20' title="bbox 339 2566 1409 2646; baseline 0.011 -23"><span class='ocrx_word' id='word_1_135' title='bbox 339 2566 407 2623; x_wconf 86' lang='lat' dir='ltr'>bem</span> <span class='ocrx_word' id='word_1_136' title='bbox 425 2569 510 2639; x_wconf 89' lang='lat' dir='ltr'>emit,</span> <span class='ocrx_word' id='word_1_137' title='bbox 528 2569 621 2627; x_wconf 82' lang='lat' dir='ltr'>luerat</span> <span class='ocrx_word' id='word_1_138' title='bbox 637 2569 707 2626; x_wconf 89' lang='lat' dir='ltr'>olim</span> <span class='ocrx_word' id='word_1_139' title='bbox 724 2589 800 2626; x_wconf 86' lang='lat' dir='ltr'>usus.</span> <span class='ocrx_word' id='word_1_140' title='bbox 820 2573 861 2626; x_wconf 84' lang='lat' dir='ltr'>At</span> <span class='ocrx_word' id='word_1_141' title='bbox 880 2589 956 2628; x_wconf 87' lang='lat' dir='ltr'>nuuc</span> <span class='ocrx_word' id='word_1_142' title='bbox 976 2569 1203 2646; x_wconf 82' lang='lat' dir='ltr'>quotusquisque</span> <span class='ocrx_word' id='word_1_143' title='bbox 1217 2566 1333 2622; x_wconf 85' lang='lat' dir='ltr'>taudem</span> <span class='ocrx_word' id='word_1_144' title='bbox 1352 2573 1409 2634; x_wconf 67' lang='lat' dir='ltr'>ests</span> 
     </span>
     <span class='ocr_line' id='line_1_21' title="bbox 340 2657 1412 2737; baseline -0.002 -23"><span class='ocrx_word' id='word_1_145' title='bbox 340 2658 392 2734; x_wconf 89' lang='lat' dir='ltr'>qni</span> <span class='ocrx_word' id='word_1_146' title='bbox 406 2659 494 2717; x_wconf 80' lang='lat' dir='ltr'>vitam</span> <span class='ocrx_word' id='word_1_147' title='bbox 507 2681 622 2718; x_wconf 82' lang='lat' dir='ltr'>servare</span> <span class='ocrx_word' id='word_1_148' title='bbox 634 2677 720 2736; x_wconf 87' lang='lat' dir='ltr'>quam</span> <span class='ocrx_word' id='word_1_149' title='bbox 734 2679 817 2736; x_wconf 88' lang='lat' dir='ltr'>opes,</span> <span class='ocrx_word' id='word_1_150' title='bbox 833 2663 932 2718; x_wconf 82' lang='lat' dir='ltr'>malit?</span> <span class='ocrx_word' id='word_1_151' title='bbox 953 2664 1047 2734; x_wconf 89' lang='lat' dir='ltr'>Quem</span> <span class='ocrx_word' id='word_1_152' title='bbox 1061 2661 1132 2718; x_wconf 90' lang='lat' dir='ltr'>mihi</span> <span class='ocrx_word' id='word_1_153' title='bbox 1144 2671 1249 2737; x_wconf 79' lang='lat' dir='ltr'>praeter</span> <span class='ocrx_word' id='word_1_154' title='bbox 1265 2657 1412 2714; x_wconf 75' lang='lat' dir='ltr'>Catullum</span> 
     </span>
     <span class='ocr_line' id='line_1_22' title="bbox 341 2748 1413 2826; baseline -0.003 -20"><span class='ocrx_word' id='word_1_155' title='bbox 341 2749 436 2821; x_wconf 90' lang='lat' dir='ltr'>dabis,</span> <span class='ocrx_word' id='word_1_156' title='bbox 451 2751 501 2826; x_wconf 90' lang='lat' dir='ltr'>qui</span> <span class='ocrx_word' id='word_1_157' title='bbox 516 2771 614 2808; x_wconf 86' lang='lat' dir='ltr'>rerum</span> <span class='ocrx_word' id='word_1_158' title='bbox 632 2771 747 2808; x_wconf 85' lang='lat' dir='ltr'>suarum</span> <span class='ocrx_word' id='word_1_159' title='bbox 765 2751 876 2825; x_wconf 83' lang='lat' dir='ltr'>jactum</span> <span class='ocrx_word' id='word_1_160' title='bbox 891 2754 1009 2810; x_wconf 88' lang='lat' dir='ltr'>salutern</span> <span class='ocrx_word' id='word_1_161' title='bbox 1030 2772 1110 2810; x_wconf 81' lang='lat' dir='ltr'>sunm</span> <span class='ocrx_word' id='word_1_162' title='bbox 1125 2763 1155 2810; x_wconf 92' lang='lat' dir='ltr'>et</span> <span class='ocrx_word' id='word_1_163' title='bbox 1167 2759 1253 2825; x_wconf 81' lang='lat' dir='ltr'>capnt</span> <span class='ocrx_word' id='word_1_164' title='bbox 1267 2748 1413 2805; x_wconf 84' lang='lat' dir='ltr'>redimere</span> 
     </span>
     <span class='ocr_line' id='line_1_23' title="bbox 342 2841 1413 2922; baseline -0.004 -24"><span class='ocrx_word' id='word_1_165' title='bbox 342 2860 402 2898; x_wconf 88' lang='lat' dir='ltr'>uon</span> <span class='ocrx_word' id='word_1_166' title='bbox 420 2842 558 2900; x_wconf 80' lang='lat' dir='ltr'>dubitet?</span> <span class='ocrx_word' id='word_1_167' title='bbox 576 2843 701 2914; x_wconf 87' lang='lat' dir='ltr'>Quidam</span> <span class='ocrx_word' id='word_1_168' title='bbox 719 2863 779 2900; x_wconf 91' lang='lat' dir='ltr'>uon</span> <span class='ocrx_word' id='word_1_169' title='bbox 796 2844 834 2902; x_wconf 90' lang='lat' dir='ltr'>ad</span> <span class='ocrx_word' id='word_1_170' title='bbox 850 2843 1007 2902; x_wconf 84' lang='lat' dir='ltr'>visendum</span> <span class='ocrx_word' id='word_1_171' title='bbox 1025 2855 1132 2922; x_wconf 79' lang='lat' dir='ltr'>augent</span> <span class='ocrx_word' id='word_1_172' title='bbox 1151 2841 1413 2918; x_wconf 79' lang='lat' dir='ltr'>patrimoniesua,</span> 
     </span>
     <span class='ocr_line' id='line_1_24' title="bbox 343 2933 1414 3018; baseline -0.002 -28"><span class='ocrx_word' id='word_1_173' title='bbox 343 2934 395 2992; x_wconf 91' lang='lat' dir='ltr'>sed</span> <span class='ocrx_word' id='word_1_174' title='bbox 415 2935 453 2993; x_wconf 86' lang='lat' dir='ltr'>ad</span> <span class='ocrx_word' id='word_1_175' title='bbox 472 2937 605 3014; x_wconf 78' lang='lat' dir='ltr'>augenda</span> <span class='ocrx_word' id='word_1_176' title='bbox 623 2937 797 3011; x_wconf 81' lang='lat' dir='ltr'>patrimonia</span> <span class='ocrx_word' id='word_1_177' title='bbox 815 2958 866 2996; x_wconf 85' lang='lat' dir='ltr'>sua</span> <span class='ocrx_word' id='word_1_178' title='bbox 884 2938 1005 3010; x_wconf 81' lang='lat' dir='ltr'>vivunt,</span> <span class='ocrx_word' id='word_1_179' title='bbox 1026 2939 1099 2996; x_wconf 87' lang='lat' dir='ltr'>adeo</span> <span class='ocrx_word' id='word_1_180' title='bbox 1117 2937 1189 3018; x_wconf 74' lang='lat' dir='ltr'>vitio</span> <span class='ocrx_word' id='word_1_181' title='bbox 1207 2933 1335 2992; x_wconf 71' lang='lat' dir='ltr'>avaritie</span> <span class='ocrx_word' id='word_1_182' title='bbox 1355 2946 1414 2988; x_wconf 76' lang='lat' dir='ltr'>snae</span> 
     </span>
     <span class='ocr_line' id='line_1_25' title="bbox 343 3025 1416 3105; baseline -0.001 -24"><span class='ocrx_word' id='word_1_183' title='bbox 343 3025 539 3085; x_wconf 70' lang='lat' dir='ltr'>obsecuntur!</span> <span class='ocrx_word' id='word_1_184' title='bbox 558 3028 679 3086; x_wconf 86' lang='lat' dir='ltr'>Interim</span> <span class='ocrx_word' id='word_1_185' title='bbox 697 3039 764 3105; x_wconf 88' lang='lat' dir='ltr'>post</span> <span class='ocrx_word' id='word_1_186' title='bbox 783 3030 923 3104; x_wconf 84' lang='lat' dir='ltr'>abjectam</span> <span class='ocrx_word' id='word_1_187' title='bbox 941 3030 972 3088; x_wconf 90' lang='lat' dir='ltr'>in</span> <span class='ocrx_word' id='word_1_188' title='bbox 988 3050 1066 3089; x_wconf 85' lang='lat' dir='ltr'>mare</span> <span class='ocrx_word' id='word_1_189' title='bbox 1085 3027 1261 3089; x_wconf 86' lang='lat' dir='ltr'>sarcinarum</span> <span class='ocrx_word' id='word_1_190' title='bbox 1278 3035 1307 3082; x_wconf 87' lang='lat' dir='ltr'>et</span> <span class='ocrx_word' id='word_1_191' title='bbox 1323 3043 1416 3101; x_wconf 86' lang='lat' dir='ltr'>opum</span> 
     </span>
     <span class='ocr_line' id='line_1_26' title="bbox 344 3118 1416 3199; baseline 0 -26"><span class='ocrx_word' id='word_1_192' title='bbox 344 3128 456 3192; x_wconf 81' lang='lat' dir='ltr'>purtem</span> <span class='ocrx_word' id='word_1_193' title='bbox 475 3121 630 3195; x_wconf 87' lang='lat' dir='ltr'>optimam,</span> <span class='ocrx_word' id='word_1_194' title='bbox 651 3121 750 3178; x_wconf 76' lang='lat' dir='ltr'>sevire</span> <span class='ocrx_word' id='word_1_195' title='bbox 769 3121 956 3180; x_wconf 88' lang='lat' dir='ltr'>nihilominus</span> <span class='ocrx_word' id='word_1_196' title='bbox 976 3133 1127 3199; x_wconf 87' lang='lat' dir='ltr'>tempestas</span> <span class='ocrx_word' id='word_1_197' title='bbox 1147 3119 1260 3196; x_wconf 75' lang='lat' dir='ltr'>pergit,</span> <span class='ocrx_word' id='word_1_198' title='bbox 1281 3137 1335 3174; x_wconf 88' lang='lat' dir='ltr'>nec</span> <span class='ocrx_word' id='word_1_199' title='bbox 1356 3118 1416 3174; x_wconf 88' lang='lat' dir='ltr'>isto</span> 
     </span>
     <span class='ocr_line' id='line_1_27' title="bbox 341 3207 1417 3291; baseline -0.002 -23"><span class='ocrx_word' id='word_1_200' title='bbox 341 3210 452 3268; x_wconf 83' lang='lat' dir='ltr'>damno</span> <span class='ocrx_word' id='word_1_201' title='bbox 470 3212 631 3286; x_wconf 89' lang='lat' dir='ltr'>periculum</span> <span class='ocrx_word' id='word_1_202' title='bbox 649 3214 739 3269; x_wconf 86' lang='lat' dir='ltr'>levius</span> <span class='ocrx_word' id='word_1_203' title='bbox 754 3211 805 3270; x_wconf 86' lang='lat' dir='ltr'>fit:</span> <span class='ocrx_word' id='word_1_204' title='bbox 822 3214 912 3290; x_wconf 78' lang='lat' dir='ltr'>igitur</span> <span class='ocrx_word' id='word_1_205' title='bbox 927 3234 962 3272; x_wconf 93' lang='lat' dir='ltr'>eo</span> <span class='ocrx_word' id='word_1_206' title='bbox 974 3215 1090 3272; x_wconf 87' lang='lat' dir='ltr'>demum</span> <span class='ocrx_word' id='word_1_207' title='bbox 1109 3222 1237 3291; x_wconf 83' lang='lat' dir='ltr'>urgente·</span> <span class='ocrx_word' id='word_1_208' title='bbox 1247 3207 1417 3266; x_wconf 75' lang='lat' dir='ltr'>necessitate</span> 
     </span>
     <span class='ocr_line' id='line_1_28' title="bbox 345 3301 1418 3382; baseline -0.007 -19"><span class='ocrx_word' id='word_1_209' title='bbox 345 3304 465 3376; x_wconf 73' lang='lat' dir='ltr'>recidit,</span> <span class='ocrx_word' id='word_1_210' title='bbox 479 3316 511 3362; x_wconf 92' lang='lat' dir='ltr'>ut</span> <span class='ocrx_word' id='word_1_211' title='bbox 523 3307 603 3362; x_wconf 78' lang='lat' dir='ltr'>ferro</span> <span class='ocrx_word' id='word_1_212' title='bbox 619 3306 726 3365; x_wconf 87' lang='lat' dir='ltr'>malum</span> <span class='ocrx_word' id='word_1_213' title='bbox 739 3319 895 3377; x_wconf 75' lang='lat' dir='ltr'>resecaret,</span> <span class='ocrx_word' id='word_1_214' title='bbox 916 3327 949 3364; x_wconf 87' lang='lat' dir='ltr'>ac</span> <span class='ocrx_word' id='word_1_215' title='bbox 961 3308 1000 3364; x_wconf 87' lang='lat' dir='ltr'>ita</span> <span class='ocrx_word' id='word_1_216' title='bbox 1016 3326 1047 3364; x_wconf 91' lang='lat' dir='ltr'>se</span> <span class='ocrx_word' id='word_1_217' title='bbox 1062 3307 1092 3362; x_wconf 91' lang='lat' dir='ltr'>in</span> <span class='ocrx_word' id='word_1_218' title='bbox 1105 3304 1248 3382; x_wconf 75' lang='lat' dir='ltr'>angustius</span> <span class='ocrx_word' id='word_1_219' title='bbox 1264 3301 1418 3359; x_wconf 89' lang='lat' dir='ltr'>redactum</span> 
     </span>
     <span class='ocr_line' id='line_1_29' title="bbox 347 3385 1417 3473; baseline -0.005 -18"><span class='ocrx_word' id='word_1_220' title='bbox 347 3396 484 3472; x_wconf 83' lang='lat' dir='ltr'>expedire</span> <span class='ocrx_word' id='word_1_221' title='bbox 503 3409 615 3473; x_wconf 90' lang='lat' dir='ltr'>posset;</span> <span class='ocrx_word' id='word_1_222' title='bbox 633 3397 714 3471; x_wconf 89' lang='lat' dir='ltr'>quod</span> <span class='ocrx_word' id='word_1_223' title='bbox 735 3385 854 3473; x_wconf 89' lang='lat' dir='ltr'>quidem</span> <span class='ocrx_word' id='word_1_224' title='bbox 872 3399 1027 3456; x_wconf 78' lang='lat' dir='ltr'>marimum</span> <span class='ocrx_word' id='word_1_225' title='bbox 1046 3397 1199 3456; x_wconf 83' lang='lat' dir='ltr'>discrimen</span> <span class='ocrx_word' id='word_1_226' title='bbox 1219 3405 1281 3466; x_wconf 91' lang='lat' dir='ltr'>est,</span> <span class='ocrx_word' id='word_1_227' title='bbox 1303 3393 1417 3469; x_wconf 84' lang='lat' dir='ltr'>si&#39;quis</span> 
     </span>
     <span class='ocr_line' id='line_1_30' title="bbox 346 3485 1418 3566; baseline -0.004 -20"><span class='ocrx_word' id='word_1_228' title='bbox 346 3487 462 3565; x_wconf 83' lang='lat' dir='ltr'>cogitur</span> <span class='ocrx_word' id='word_1_229' title='bbox 477 3488 615 3546; x_wconf 83' lang='lat' dir='ltr'>adhibere</span> <span class='ocrx_word' id='word_1_230' title='bbox 630 3488 776 3563; x_wconf 77' lang='lat' dir='ltr'>presidia,</span> <span class='ocrx_word' id='word_1_231' title='bbox 792 3509 855 3564; x_wconf 77' lang='lat' dir='ltr'>que</span> <span class='ocrx_word' id='word_1_232' title='bbox 873 3489 954 3548; x_wconf 84' lang='lat' dir='ltr'>navis</span> <span class='ocrx_word' id='word_1_233' title='bbox 966 3489 1195 3566; x_wconf 77' lang='lat' dir='ltr'>magnitudinem</span> <span class='ocrx_word' id='word_1_234' title='bbox 1209 3485 1342 3544; x_wconf 84' lang='lat' dir='ltr'>minuere</span> <span class='ocrx_word' id='word_1_235' title='bbox 1360 3485 1418 3542; x_wconf 87' lang='lat' dir='ltr'>de—</span> 
     </span>
     <span class='ocr_line' id='line_1_31' title="bbox 346 3579 1419 3658; baseline -0.003 -22"><span class='ocrx_word' id='word_1_236' title='bbox 346 3579 441 3637; x_wconf 86' lang='lat' dir='ltr'>beant.</span> <span class='ocrx_word' id='word_1_237' title='bbox 460 3582 472 3636; x_wconf 91' lang='lat'>1</span> <span class='ocrx_word' id='word_1_238' title='bbox 485 3599 577 3649; x_wconf 90' lang='lat' dir='ltr'>nunc,</span> <span class='ocrx_word' id='word_1_239' title='bbox 595 3579 646 3655; x_wconf 90' lang='lat' dir='ltr'>qui</span> <span class='ocrx_word' id='word_1_240' title='bbox 659 3581 749 3636; x_wconf 75' lang='lat' dir='ltr'>uitam</span> <span class='ocrx_word' id='word_1_241' title='bbox 764 3583 866 3658; x_wconf 80' lang='lat' dir='ltr'>pelago</span> <span class='ocrx_word' id='word_1_242' title='bbox 881 3583 1033 3658; x_wconf 83' lang='lat' dir='ltr'>ventisque</span> <span class='ocrx_word' id='word_1_243' title='bbox 1044 3580 1209 3657; x_wconf 84' lang='lat' dir='ltr'>permittas,</span> <span class='ocrx_word' id='word_1_244' title='bbox 1222 3589 1308 3654; x_wconf 86' lang='lat' dir='ltr'>teque</span> <span class='ocrx_word' id='word_1_245' title='bbox 1321 3579 1419 3634; x_wconf 88' lang='lat' dir='ltr'>inclu-</span> 
     </span>
     <span class='ocr_line' id='line_1_32' title="bbox 349 3670 1420 3752; baseline -0.001 -24"><span class='ocrx_word' id='word_1_246' title='bbox 349 3673 399 3729; x_wconf 84' lang='lat' dir='ltr'>dns</span> <span class='ocrx_word' id='word_1_247' title='bbox 411 3673 493 3744; x_wconf 84' lang='lat' dir='ltr'>navi,</span> <span class='ocrx_word' id='word_1_248' title='bbox 507 3674 539 3730; x_wconf 89' lang='lat' dir='ltr'>in</span> <span class='ocrx_word' id='word_1_249' title='bbox 549 3693 606 3749; x_wconf 88' lang='lat' dir='ltr'>qua</span> <span class='ocrx_word' id='word_1_250' title='bbox 616 3672 728 3731; x_wconf 87' lang='lat' dir='ltr'>distesa</span> <span class='ocrx_word' id='word_1_251' title='bbox 741 3685 836 3732; x_wconf 88' lang='lat' dir='ltr'>morte</span> <span class='ocrx_word' id='word_1_252' title='bbox 849 3675 947 3752; x_wconf 80' lang='lat' dir='ltr'>digitis</span> <span class='ocrx_word' id='word_1_253' title='bbox 959 3685 1099 3749; x_wconf 74' lang='lat' dir='ltr'>quatuor,</span> <span class='ocrx_word' id='word_1_254' title='bbox 1110 3682 1159 3728; x_wconf 89' lang='lat' dir='ltr'>aut</span> <span class='ocrx_word' id='word_1_255' title='bbox 1168 3681 1277 3746; x_wconf 87' lang='lat' dir='ltr'>septem</span> <span class='ocrx_word' id='word_1_256' title='bbox 1287 3670 1420 3728; x_wconf 73' lang='lat' dir='ltr'>adsum·</span> 
     </span>
     <span class='ocr_line' id='line_1_33' title="bbox 349 3762 1419 3842; baseline -0.007 -18"><span class='ocrx_word' id='word_1_257' title='bbox 349 3781 450 3834; x_wconf 77' lang='lat' dir='ltr'>mum,</span> <span class='ocrx_word' id='word_1_258' title='bbox 466 3766 490 3820; x_wconf 90' lang='lat' dir='ltr'>si</span> <span class='ocrx_word' id='word_1_259' title='bbox 509 3765 617 3822; x_wconf 86' lang='lat' dir='ltr'>fuerint</span> <span class='ocrx_word' id='word_1_260' title='bbox 628 3766 758 3823; x_wconf 80' lang='lat' dir='ltr'>latissimi</span> <span class='ocrx_word' id='word_1_261' title='bbox 774 3786 894 3839; x_wconf 78' lang='lat' dir='ltr'>asseres,</span> <span class='ocrx_word' id='word_1_262' title='bbox 912 3767 1015 3842; x_wconf 84' lang='lat' dir='ltr'>quibus</span> <span class='ocrx_word' id='word_1_263' title='bbox 1029 3766 1078 3822; x_wconf 89' lang='lat' dir='ltr'>illa</span> <span class='ocrx_word' id='word_1_264' title='bbox 1091 3762 1304 3839; x_wconf 78' lang='lat' dir='ltr'>compingitur!</span> <span class='ocrx_word' id='word_1_265' title='bbox 1325 3763 1419 3836; x_wconf 82' lang='lat' dir='ltr'>Perge</span> 
     </span>
    </p>
   </div>
   <div class='ocr_carea' id='block_1_4' title="bbox 233 3847 1418 3930">
    <p class='ocr_par' dir='ltr' id='par_1_6' title="bbox 233 3847 1418 3930">
     <span class='ocr_line' id='line_1_34' title="bbox 233 3847 1418 3930; baseline -0.003 -18"><span class='ocrx_word' id='word_1_266' title='bbox 233 3847 238 3858; x_wconf 82' lang='lat'>&#39;</span> <span class='ocrx_word' id='word_1_267' title='bbox 349 3873 433 3924; x_wconf 84' lang='lat' dir='ltr'>sane,</span> <span class='ocrx_word' id='word_1_268' title='bbox 454 3855 582 3930; x_wconf 87' lang='lat' dir='ltr'>quisquis</span> <span class='ocrx_word' id='word_1_269' title='bbox 602 3875 632 3914; x_wconf 87' lang='lat' dir='ltr'>es</span> <span class='ocrx_word' id='word_1_270' title='bbox 655 3867 714 3914; x_wconf 89' lang='lat' dir='ltr'>tam</span> <span class='ocrx_word' id='word_1_271' title='bbox 731 3858 924 3929; x_wconf 82' lang='lat' dir='ltr'>inconsultus,</span> <span class='ocrx_word' id='word_1_272' title='bbox 944 3869 1002 3914; x_wconf 78' lang='lat' dir='ltr'>tarn</span> <span class='ocrx_word' id='word_1_273' title='bbox 1021 3857 1087 3914; x_wconf 83' lang='lat' dir='ltr'>vite</span> <span class='ocrx_word' id='word_1_274' title='bbox 1107 3867 1162 3912; x_wconf 80' lang='lat' dir='ltr'>tuae</span> <span class='ocrx_word' id='word_1_275' title='bbox 1181 3852 1338 3930; x_wconf 57' lang='lat' dir='ltr'>prodigum</span> <span class='ocrx_word' id='word_1_276' title='bbox 1364 3851 1418 3908; x_wconf 84' lang='lat' dir='ltr'>sed</span> 
     </span>
    </p>
   </div>
   <div class='ocr_carea' id='block_1_5' title="bbox 349 3945 1421 4122">
    <p class='ocr_par' dir='ltr' id='par_1_7' title="bbox 349 3945 1421 4122">
     <span class='ocr_line' id='line_1_35' title="bbox 349 3945 1417 4027; baseline -0.004 -23"><span class='ocrx_word' id='word_1_277' title='bbox 349 3947 527 4019; x_wconf 88' lang='lat' dir='ltr'>memineris,</span> <span class='ocrx_word' id='word_1_278' title='bbox 545 3949 661 4024; x_wconf 59' lang='lat' dir='ltr'>wando</span> <span class='ocrx_word' id='word_1_279' title='bbox 678 3970 780 4027; x_wconf 89' lang='lat' dir='ltr'>panem</span> <span class='ocrx_word' id='word_1_280' title='bbox 796 3963 825 4008; x_wconf 93' lang='lat' dir='ltr'>et</span> <span class='ocrx_word' id='word_1_281' title='bbox 842 3950 943 4008; x_wconf 78' lang='lat' dir='ltr'>vinum</span> <span class='ocrx_word' id='word_1_282' title='bbox 956 3948 1060 4006; x_wconf 81' lang='lat' dir='ltr'>inferes</span> <span class='ocrx_word' id='word_1_283' title='bbox 1071 3949 1102 4005; x_wconf 91' lang='lat' dir='ltr'>in</span> <span class='ocrx_word' id='word_1_284' title='bbox 1115 3959 1222 4017; x_wconf 87' lang='lat' dir='ltr'>ratem,</span> <span class='ocrx_word' id='word_1_285' title='bbox 1239 3945 1349 4020; x_wconf 86' lang='lat' dir='ltr'>pariter</span> <span class='ocrx_word' id='word_1_286' title='bbox 1365 3963 1417 4000; x_wconf 87' lang='lat' dir='ltr'>su-</span> 
     </span>
     <span class='ocr_line' id='line_1_36' title="bbox 350 4035 1421 4122; baseline -0.001 -24"><span class='ocrx_word' id='word_1_287' title='bbox 350 4058 429 4098; x_wconf 89' lang='lat' dir='ltr'>mere</span> <span class='ocrx_word' id='word_1_288' title='bbox 448 4059 576 4114; x_wconf 85' lang='lat' dir='ltr'>secures,</span> <span class='ocrx_word' id='word_1_289' title='bbox 593 4042 697 4118; x_wconf 88' lang='lat' dir='ltr'>quibus</span> <span class='ocrx_word' id='word_1_290' title='bbox 716 4043 868 4122; x_wconf 79' lang='lat' dir='ltr'>ingruente</span> <span class='ocrx_word' id='word_1_291' title='bbox 885 4051 1051 4119; x_wconf 84' lang='lat' dir='ltr'>tempestate</span> <span class='ocrx_word' id='word_1_292' title='bbox 1068 4039 1157 4098; x_wconf 83' lang='lat' dir='ltr'>utaris</span> <span class='ocrx_word' id='word_1_293' title='bbox 1175 4038 1213 4096; x_wconf 89' lang='lat' dir='ltr'>ad</span> <span class='ocrx_word' id='word_1_294' title='bbox 1230 4035 1421 4099; x_wconf 45' lang='lat' dir='ltr'>matumdits</span> 
     </span>
    </p>
   </div>
   <div class='ocr_carea' id='block_1_6' title="bbox 350 4143 543 4223">
    <p class='ocr_par' dir='ltr' id='par_1_8' title="bbox 350 4143 543 4223">
     <span class='ocr_line' id='line_1_37' title="bbox 350 4143 543 4223; baseline -0.021 -17"><span class='ocrx_word' id='word_1_295' title='bbox 350 4143 543 4223; x_wconf 81' lang='lat' dir='ltr'>lringeudum.</span> 
     </span>
    </p>
   </div>
   <div class='ocr_carea' id='block_1_7' title="bbox 0 0 1544 4984">
    <p class='ocr_par' dir='ltr' id='par_1_9' title="bbox 0 0 1544 4984">
     <span class='ocr_line' id='line_1_38' title="bbox 0 0 1544 4984; baseline 0 0"><span class='ocrx_word' id='word_1_296' title='bbox 0 0 1544 4984; x_wconf 95' lang='lat' dir='ltr'> </span> 
     </span>
    </p>
   </div>
  </div>
 </body>
</html>
