3036 4984
329 390 396 482 «ιὲ,
491 397 981 488 remuneratores
1005 423 1249 492 araone

365 530 436 582 Noa.
457 548 498 601 ¹7·
517 533 579 584 Nou
596 529 736 594 dubitant,
753 546 846 587 mutuo
858 535 992 606 accipere,
1010 555 1069 607 quse
1082 537 1198 610 perdant
1211 537 1310 612 magis,
1326 557 1409 612 quam

329 626 456 684 erogent;
481 615 575 669 Schol.
596 614 735 681 Quamdiu
752 617 927 691 supellectilis
952 619 1056 690 aliquid
1073 635 1207 694 superest,
1227 623 1307 676 facile
1324 625 1357 677 iis
1373 635 1413 676 est

331 715 427 768 parare
438 697 489 751 sibi
502 699 647 771 pecuniam
654 701 805 765 perituram,
820 717 879 773 qua
888 720 951 761 mox
962 703 1031 774 gulae
1043 705 1109 758 luxu
1118 704 1244 772 intereat;
1255 708 1323 761 Acb.

363 857 431 905 Vas.
452 859 491 906 rt.
509 856 631 906 leuibus
640 857 742 922 optatis,
752 873 776 917 7.
786 883 821 895 -
829 858 860 904 tte
868 875 914 922 pro
924 859 983 919 vel,
996 875 1036 908 ra.
1046 887 1081 898 -
1091 861 1187 921 Martis,
1198 870 1241 919 aa.
1253 889 1286 902 -
1294 861 1410 928 lanugine

325 937 395 1004 picta
412 940 489 1000 sorte,
507 957 530 988 ι.
549 942 627 990 Vetus
647 940 765 989 Scholion
783 951 833 990 est:
844 943 887 990 «Si
900 943 928 990 iu
947 957 1009 992 auro
1027 944 1092 1008 picta
1106 956 1155 1007 est,
1175 956 1217 994 ant
1233 946 1259 994 iu
1276 957 1411 1014 argento.-

331 1021 443 1088 Imagr'ne
452 1041 512 1072 cara
526 1023 632 1072 malebat
645 1022 777 1074 Schrader.

366 1114 436 1166 Nor.
458 1115 498 1167 18.
518 1114 598 1168 Cous.
610 1115 682 1179 v11,
697 1116 740 1184 73.
751 1145 786 1156 -
799 1117 921 1183 Oppositt'r
930 1115 1052 1188 pignori,
1064 1117 1225 1190 hypotheca
1235 1120 1311 1184 loco,
1324 1117 1360 1172 ad
1371 1139 1411 1172 se·
1508 1079 1509 1170 i

330 1196 470 1251 caritatem
482 1196 640 1260 creditoris,
651 1210 682 1251 ut
693 1196 767 1270 apud
784 1198 873 1250 Plaut.
884 1197 965 1250 Cure.
981 1199 1009 1251 ll
1018 1199 1064 1262 .'3.
1081 1217 1131 1269 77;
1151 1201 1244 1254 Seuec.
1256 1201 1320 1254 Ben.
1338 1202 1409 1268 Vll,

331 1285 380 1343 aa,
395 1293 422 1334 et
437 1281 538 1335 Catuli.
557 1281 669 1343 xxvt,
680 1301 711 1347 a,
725 1280 773 1333 ubi
787 1278 843 1334 vid.
856 1280 941 1351 Vulp.
954 1292 981 1334 et
994 1281 1075 1332 Doer.
1089 1311 1122 1322 -
1135 1286 1255 1334 barritu
1268 1283 1407 1355 pretiosis,

329 1365 477 1436 argenteis,
490 1366 594 1427 aureis,
613 1376 664 1418 eto.
676 1395 709 1406 -
722 1366 811 1416 Matris
825 1366 935 1432 imagine
936 1364 1038 1428 fmus,
1052 1382 1107 1416 uon
1121 1382 1201 1430 casu,
1214 1379 1294 1438 puto.
1308 1368 1351 1420 vel
1366 1384 1411 1419 ve·
1508 1419 1509 1443 ,

328 1462 442 1516 tustate,
458 1451 502 1504 vel
522 1463 553 1504 ut
570 1462 676 1522 partem
691 1460 787 1501 statute
800 1445 916 1512 vendat,
930 1443 978 1499 sed
992 1445 1079 1500 fracta
1094 1465 1126 1501 es
1140 1447 1291 1515 industria,
1307 1464 1338 1504 ut
1354 1468 1411 1502 nou
1508 1455 1509 1462 ’

328 1534 456 1606 cognosci
466 1533 568 1606 possit,
581 1545 608 1586 et
620 1533 676 1586 sine
687 1531 792 1603 pudore
801 1530 891 1584 tendi.

364 1631 434 1684 Nor.
457 1647 498 1698 19.
519 1630 712 1696 Quadringentis
725 1630 817 1688 narnis,
831 1646 930 1698 magno
942 1629 1045 1699 pretio;
1058 1647 1114 1683 non
1128 1647 1191 1683 vero
1207 1630 1312 1704 integro
1325 1650 1408 1685 centn

327 1714 459 1786 equestri,
470 1731 525 1785 quo
535 1730 613 1765 sensu
622 1714 817 1780 quadringenta,
829 1729 866 1764 sc.
878 1713 1007 1776 sestertia,
1020 1711 1148 1767 dicuntur
1159 1715 1190 1778 I,
1206 1720 1271 1781 1063
1286 1719 1312 1769 ll
1319 1755 1328 1778 ,
1345 1734 1409 1786 ¹¹7³
1508 1727 1509 1730 ’

329 1799 364 1860 V,
380 1797 444 1860 1323
460 1815 523 1849 nam
535 1799 603 1846 numi
616 1807 679 1848 sunt
689 1795 817 1859 sestertii,
831 1813 886 1848 uon
900 1797 1035 1863 sestertia,
1049 1808 1076 1850 et
1089 1795 1122 1850 de
1135 1797 1246 1852 homine
1256 1817 1345 1852 sermo
1354 1810 1408 1862 est,

328 1881 375 1952 qui
388 1878 517 1934 devorata
529 1899 559 1932 re
573 1879 700 1932 familiari
711 1879 907 1950 supellectilem
918 1879 1094 1951 oppignerat,
1110 1878 1182 1933 unde
1192 1900 1248 1935 nou
1259 1880 1339 1936 facile
1348 1881 1409 1934 elli·

328 1965 380 2018 ciet
391 1983 501 2018 censum
511 1976 672 2035 equestrem.
684 1993 719 2004 —
731 1963 850 2024 Condita,
861 1962 929 2014 cibis
941 1963 1009 2014 bene
1020 1961 1155 2026 conditis,
1165 1965 1208 2017 vel
1223 1963 1347 2018 delicatis
1357 1967 1407 2018 im·
1508 2003 1509 2008 =

327 2049 410 2121 plere.
419 2079 456 2090 -
469 2049 554 2100 Fictile
567 2066 630 2112 vas,
642 2059 672 2100 ut
686 2060 748 2098 testa
763 2049 830 2108 alta,
847 2047 898 2111 tv,
920 2047 966 2100 ¹31
988 2047 1046 2116 (ubi
1062 2045 1117 2102 vid.
1132 2051 1211 2119 not).
1224 2053 1325 2112 Fietile,
1345 2050 1409 2122 quia

327 2134 418 2186 lances
436 2146 575 2205 argenteas
592 2143 771 2207 opposuerat,
793 2143 841 2184 aut
861 2131 926 2202 quia
942 2132 1059 2185 maxima
1078 2133 1167 2204 aliqua
1185 2133 1278 2204 patina
1294 2136 1319 2188 ei
1338 2153 1409 2206 opus
1508 2147 1509 2170 l

327 2229 397 2279 erat,
420 2217 542 2290 Grang.¹
566 2247 602 2257 -
625 2220 744 2268 Gulosum
765 2233 830 2282 vas,
852 2215 932 2288 quale
952 2227 992 2268 est
1011 2215 1152 2268 hominum
1171 2217 1345 2288 gulosorum,
1362 2218 1407 2271 rel

250 2320 251 2328 ¹
328 2317 425 2373 capax.

361 2449 431 2495 Vsa.
450 2462 493 2495 ao.
511 2445 539 2494 tr·
550 2446 671 2507 veniunt,
680 2447 747 2508 conj.
759 2445 889 2495 Schrader.

363 2541 432 2594 Nor.
453 2560 495 2594 so.
514 2541 629 2606 Sic,hoc
641 2540 720 2604 luxu,
731 2542 836 2590 nersiunt
844 2541 882 2591 ad
889 2541 1062 2603 miscellanea,
1075 2541 1167 2595 cibum
1179 2541 1285 2595 erariis
1297 2543 1408 2596 ferculis

327 2626 454 2690 mixtum,
468 2627 511 2681 vel
521 2622 688 2678 immundam
701 2624 821 2694 saginam
832 2628 873 2695 (nt
889 2636 951 2676 utar
962 2624 1051 2677 verbis
1063 2627 1144 2697 Prop.
1157 2626 1208 2690 tv,
1222 2629 1254 2690 8,
1269 2627 1328 2692 ιδ),
1338 2628 1407 2692 nat,

327 2709 411 2776 ludii,
430 2709 589 2782 gladiatoris
607 2707 675 2778 (rid.
691 2706 727 2761 ad
744 2709 800 2772 Vl,
816 2707 883 2778 Ba),
899 2708 953 2761 hoo
968 2720 1023 2773 est,
1045 2706 1209 2779 gladiatores
1228 2708 1297 2762 liunt
1318 2710 1403 2778 (conf.

327 2815 366 2850 vs.
379 2797 427 2864 8),
445 2807 475 2848 ut
485 2793 629 2864 largiorem
639 2803 710 2844 certe
721 2791 838 2853 vietum,
851 2789 895 2842 cui
907 2805 1095 2856 assueverant,
1107 2801 1256 2845 retineant:
1272 2812 1335 2846 uam
1348 2795 1405 2866 gla-

328 2877 446 2932 diatores
456 2891 483 2932 et
495 2877 602 2930 athletae
615 2875 703 2949 epulis
713 2874 876 2946 largioribus
887 2875 923 2926 ali
937 2875 1074 2940 solebant,
1091 2887 1121 2928 ut
1135 2876 1206 2930 vires
1220 2895 1313 2930 eorum
1326 2896 1406 2950 auge·

327 2975 421 3016 rentur
430 2963 565 3030 (coliphia,
578 2961 622 3024 11,
637 2959 670 3012 53
679 2961 703 3027 ),
715 2955 787 3010 unde
801 2961 979 3025 ghdtatoriarn
988 2962 1100 3026 saginam
1113 2958 1182 3012 dixit
1195 2961 1263 3014 Tac.
1277 2961 1348 3014 Hist.
1366 2964 1408 3026 11,
1508 2953 1509 2958 ¹

322 3043 375 3108 ⁹88,
386 3057 414 3099 et
427 3047 508 3116 Prop.
521 3045 574 3096 loc.
588 3040 664 3095 laud.
678 3043 745 3110 (ubi
755 3039 811 3095 vid.
826 3043 1001 3126 litoribus),
1018 3046 1089 3095 vulst'
1102 3059 1220 3112 carpenta
1233 3048 1340 3113 nepotis,
1357 3048 1409 3114 Qui

328 3132 397 3182 dabit
415 3131 546 3180 immunda
556 3130 662 3180 uenalia
672 3131 735 3199 suta
750 3132 857 3194 sap'uoe,
874 3127 933 3196 ,boc
946 3140 1003 3192 est,
1018 3128 1065 3200 qui
1078 3130 1242 3199 patrimonio
1254 3127 1408 3202 dilapidato

326 3215 410 3269 vitam
432 3213 603 3283 animamque
614 3229 690 3263 suam
703 3211 807 3264 lanistae
817 3210 923 3266 vendet.
938 3243 971 3252 —
983 3214 1145 3264 lsrrrellanea
1154 3231 1238 3284 genus
1253 3214 1408 3268 miserabile

327 3297 437 3361 ferculi,
447 3297 524 3350 cibus
537 3293 733 3368 gladiatorum,
743 3296 791 3366 qni
802 3296 906 3354 omnia.
917 3314 977 3367 que
987 3310 1161 3368 apponuntur
1171 3297 1237 3362 sibi,
1250 3313 1355 3347 rurs-cent
1381 3310 1409 3352 et
1508 3345 1509 3350 ,

328 3383 367 3436 sio
379 3378 562 3443 manducant,
574 3378 665 3432 Schol.
675 3377 726 3430 alii
737 3383 895 3432 miscellanea
904 3383 956 3430 tadi
963 3392 1061 3451 putant
1069 3383 1201 3433 esselados
1210 3385 1285 3432 misce
1294 3384 1340 3443 los,
1353 3382 1409 3435 hoo
1508 3399 1509 3408 ¹

328 3479 382 3530 est,
401 3464 512 3534 erariis
531 3461 673 3535 generibus
691 3462 789 3514 mixtos
805 3464 815 3530 (
824 3463 881 3515 vid.
899 3462 986 3535 intpp.
1000 3464 1073 3517 Suet.
1092 3465 1149 3517 Cal.
1166 3483 1190 3517 c.
1204 3484 1251 3528 ao,
1266 3477 1296 3517 ut
1312 3485 1408 3518 scissus

328 3552 361 3606 sit
372 3569 379 3603 ι
392 3549 461 3602 liunt
472 3549 619 3604 histriones
628 3566 675 3600 seu
687 3546 764 3600 ludii.
779 3547 911 3618 Rigaltins
923 3551 1052 3620 exponit:
1064 3549 1108 3602 sie
1122 3549 1166 3601 isti
1181 3549 1244 3600 luxu
1256 3553 1408 3604 couturba-

328 3649 386 3689 tore
397 3644 573 3706 pereunt,·ut
586 3631 613 3684 in
624 3631 742 3684 miscella
758 3631 988 3683 consummatione
998 3630 1170 3702 gladiatores.
1182 3631 1329 3701 Graugnus
1342 3651 1348 3684 :
1361 3635 1409 3686 Sic

326 3719 452 3772 lurcones
461 3711 502 3769 illi
514 3715 589 3778 indii,
602 3733 648 3768 seu
661 3713 825 3785 gladiatores
835 3714 919 3768 futuri
933 3718 1036 3766 ueniunt
1045 3718 1082 3768 ad
1089 3715 1260 3780 miscellanea,
1271 3715 1409 3772 condiunt

327 3801 434 3876 patinas
445 3802 520 3852 omni
529 3801 653 3874 cibprnm
666 3816 762 3869 genere
776 3798 887 3852 refertas
899 3811 927 3852 et
938 3798 1116 3863 intermixtas;
1128 3796 1161 3850 de
1172 3817 1227 3869 quo
1238 3796 1292 3851 rid.
1309 3801 1405 3855 Seuer.

329 3886 416 3959 Epist.
427 3884 513 3948 XCV;
521 3883 675 3944 Turnebus,
684 3880 749 3936 sdv.
760 3881 855 3945 xxu,
868 3884 911 3945 23,
921 3881 999 3936 innui
1010 3881 1136 3936 credebat
1145 3895 1172 3936 et
1182 3881 1262 3936 ludos
1272 3887 1405 3946 mucellos,
1508 3893 1509 3898 ’

752 4041 977 4060 ἈΟΜἫὶἎᾺὶ

365 4184 374 4210 ¹
393 4177 463 4227 Cous.
477 4175 575 4225 Salmas.
588 4175 676 4224 Exere.
691 4173 756 4222 Pliu.
769 4189 827 4240 pag.
844 4173 905 4224 5⁸6.
