3030 4984
336 450 400 525 ψ
554 407 557 416 ’
609 442 1126 512 o.tuu111uvuuscrs

335 558 535 631 Particulam
549 558 606 626 vix
620 556 710 628 ferre
723 572 835 652 potes,
853 558 1084 654 spumantibus
1095 557 1214 629 erdem

332 671 544 755 Visceribus,
558 693 690 738 sacrum
707 669 767 736 tibi
784 666 875 764 quod
890 693 959 738 non
974 667 1091 738 reddat
1103 669 1228 739 amicus
1374 683 1407 735 ιε

331 781 552 876 Depositum:
568 792 680 872 stupet
693 778 784 866 baec,
801 779 860 872 qui
875 777 944 870 jam
959 792 1035 872 post
1049 793 1140 873 terga
1155 776 1292 872 reliquit

332 889 511 985 Sexaginta
528 912 651 974 annos,
669 888 808 956 Fonteio
824 885 961 956 consule
976 887 1093 957 natus?

332 1001 388 1070 An
404 997 489 1068 nihil
506 999 541 1067 in
557 997 674 1067 melius
690 1012 741 1066 tot
759 1023 873 1068 rerum
888 997 1026 1092 proficis
1040 997 1125 1068 usu?

332 1113 460 1207 Magna
472 1109 625 1204 quidem,
642 1108 744 1177 sacris
758 1133 833 1203 qua
846 1108 905 1178 dat
919 1123 1088 1204 praecepta
1102 1106 1218 1178 libellis

300 1250 317 1283 ο
333 1222 463 1291 Victrix
479 1222 637 1288 Fortunae
655 1220 846 1314 Sapientia:
864 1219 1018 1289 ducimus
1032 1234 1145 1290 autem
1375 1251 1409 1286 ιο

332 1334 403 1400 Hos
420 1353 555 1425 quoque
572 1327 701 1417 felices,
718 1329 776 1424 qui
792 1328 882 1399 ferre
898 1329 1112 1400 incommoda
1126 1331 1216 1418 ritae,

331 1441 406 1513 Nec
421 1441 547 1535 jactare
559 1439 695 1539 jugum,
713 1440 782 1508 vita
797 1438 944 1512 didicere
961 1443 1129 1540 magistra.

380 1552 465 1640 Quae
480 1565 548 1619 tam
563 1549 647 1620 festa
663 1549 751 1638 dies,
766 1565 806 1619 ut
820 1566 924 1622 cesset
938 1551 1080 1650 prodere
1095 1551 1221 1640 furem,
1292 1581 1294 1587 ·

333 1663 528 1751 Perfidiam,
547 1662 697 1749 fraudes,
711 1677 810 1757 atque
823 1665 916 1734 omni
930 1691 969 1734 ex
984 1665 1124 1735 crimine
1136 1662 1270 1733 lucrum

330 1777 536 1864 Quaesitum,
554 1788 589 1843 et
603 1787 716 1868 partos
733 1771 844 1869 gladio
859 1773 910 1843 vel
925 1773 1048 1872 pyxide
1063 1771 1206 1846 numos?
1369 1785 1404 1838 ιε

330 1885 414 1956 Rari
431 1884 559 1978 quippe
573 1883 654 1952 boni
670 1907 680 1951 ε
699 1908 860 1954 numerus
876 1885 932 1953 vix
950 1899 1000 1953 est
1017 1882 1173 1975 totidem,
1191 1896 1274 1980 quot

331 1993 523 2062 Thebarum
536 2005 657 2086 portae,
676 1989 730 2064 vel
743 1991 855 2062 divitis
869 1993 953 2062 ostia
965 1990 1047 2065 Nili.

332 2104 433 2172 Nona
447 2115 525 2170 aetas
543 2102 665 2194 agitur,
684 2101 869 2196 pejoraque
884 2099 1003 2174 saecula
1022 2099 1102 2170 ferri

335 2209 572 2305 Temporibus,
587 2231 733 2302 quornm
746 2206 863 2280 sceleri
877 2234 946 2278 non
962 2209 1092 2280 invenit
1106 2209 1177 2304 ipsa

332 2321 488 2408 Nomen,
508 2332 543 2387 et
558 2341 578 2386 a
595 2314 689 2385 nullo
707 2317 819 2414 posuit
833 2317 964 2403 Natura
979 2313 1124 2390 metallo.
1367 2332 1405 2386 30

211 2519 217 2540 ⁴
333 2525 431 2602 exigui
451 2541 484 2580 ac
505 2522 576 2581 levis
595 2522 664 2580 meli
682 2520 853 2596 particulam
874 2523 999 2580 tolerare
1017 2541 1159 2599 nequeas,
1179 2531 1208 2580 et
1228 2521 1350 2582 furentis
1372 2523 1405 2580 iu

333 2635 445 2675 morem
458 2615 556 2674 auimo
567 2613 770 2686 aarum,
783 2611 825 2670 ob
838 2612 969 2672 buudem
981 2615 1066 2672 amici
1078 2615 1243 2693 depositum
1257 2615 1313 2672 tibi
1322 2616 1407 2674 resti-

334 2723 416 2767 tuere
436 2707 584 2786 negantis,
603 2707 684 2782 quod
704 2717 801 2762 sancte
820 2705 1040 2764 custodiendum
1058 2709 1095 2764 ab
1115 2727 1150 2765 eo
1170 2718 1200 2764 et
1221 2707 1404 2765 reddendum

333 2813 405 2860 erat.
417 2801 533 2858 Miraris
544 2801 601 2856 boc
612 2797 737 2869 scilicet,
750 2807 782 2854 tu
792 2798 881 2855 bomo
892 2799 1108 2876 sexagenarius,
1120 2810 1150 2857 et
1160 2799 1255 2857 editus
1267 2799 1299 2856 in
1310 2801 1405 2857 lucem

334 2911 394 2968 quo
410 2903 543 2968 tempore
558 2889 696 2948 Fonteius
711 2891 891 2948 mutum
907 2893 1040 2969 get-abuti
1060 2892 1177 2950 Nihilne
1193 2891 1309 2950 tandem
1325 2891 1406 2949 didi·

333 2985 396 3044 cisti
406 3003 440 3042 ac
451 2983 599 3060 prdecimi
611 2982 885 3040 nummatum
896 2984 988 3042 levius
1000 2986 1135 3043 terendos
1149 2995 1208 3040 tam
1218 2986 1305 3061 longa
1318 3003 1405 3060 erpe-

332 3079 457 3138 rientisi
477 3081 613 3154 Magnum
629 3077 746 3152 quidem
760 3077 820 3134 rim
840 3078 947 3134 babent
961 3077 1151 3154 pbilosopbioe
1165 3087 1322 3153 precepta,
1338 3092 1406 3152 φη

333 3169 364 3227 iu
374 3168 535 3242 sapientum
543 3168 628 3224 tibris
637 3178 764 3237 astant,
773 3185 808 3225 ac
818 3167 940 3237 docent,
950 3185 1009 3244 qno
1021 3169 1235 3245 paetorincers
1244 3171 1407 3230 Fortunam

333 3259 492 3335 postium
513 3276 567 3315 uee
581 3258 725 3315 minorem
740 3269 835 3316 tamen
849 3261 887 3318 sd
902 3262 983 3318 beate
1001 3262 1159 3319 urendam
1175 3259 1340 3318 famlmm
1356 3259 1407 3318 dat

335 3351 397 3428 ipsu
408 3351 476 3408 vita
489 3350 662 3426 quotidiana
675 3352 855 3409 conaretudo
867 3365 896 3410 et
907 3371 1005 3411 rerum
1021 3371 1103 3424 usus,
1123 3371 1213 3430 quum
1230 3352 1404 3429 perferam

305 3447 309 3454 ’
335 3463 528 3503 aerumnarum
544 3443 615 3518 jugo
627 3461 681 3501 uos
697 3443 860 3517 assuefacit,
878 3457 908 3503 et
921 3445 959 3503 ad
975 3446 1049 3504 banc
1064 3447 1211 3526 patientiae
1226 3445 1405 3522 disciplinam

335 3538 473 3615 magister
484 3537 591 3596 erudit.

374 3631 422 3688 23.
444 3635 521 3707 Age,
536 3647 621 3705 quem
636 3629 717 3688 dabis
730 3631 803 3686 mihi
819 3629 896 3689 diem
906 3644 967 3690 tam
981 3651 1110 3706 aarum,
1124 3645 1182 3691 tam
1195 3634 1316 3699 testum,
1334 3630 1406 3706 quin

335 3722 439 3798 aliquis
448 3723 481 3780 iu
493 3741 529 3780 eo
543 3723 776 3798 deprehendetur
790 3723 928 3801 perfldm,
945 3727 1159 3798 baudolenus,
1175 3726 1230 3794 fur,
1244 3741 1335 3782 omne
1347 3723 1407 3782 cri-

335 3815 447 3872 minum
465 3833 555 3891 geum
576 3816 650 3873 lucri
665 3835 761 3873 mma
783 3829 966 3894 susceptam,
984 3831 1014 3877 et
1031 3837 1103 3896 opes
1122 3821 1202 3876 terro
1218 3825 1268 3874 aut
1290 3833 1406 3874 imo

335 3909 437 3982 partu!
452 3907 580 3984 Exiguus
593 3927 698 3985 nempe
714 3927 851 3968 nummus
866 3912 1027 3987 proborum
1039 3924 1090 3970 est.
1110 3914 1165 3968 Vir
1177 3923 1221 3968 tot
1231 3920 1316 3981 sunt,
1331 3919 1406 3984 quot

333 4000 414 4059 urbis
422 4001 565 4058 thuana
577 4013 668 4076 portae
677 4044 687 4074 ,
701 4003 747 4060 vel
756 4001 827 4060 ostia
844 4005 920 4076 tttti,
935 4021 986 4080 qm
996 4005 1070 4062 ditat
1082 4008 1248 4082 AEgyptum.
1260 4003 1405 4062 Suettium

333 4103 467 4151 uestrum
479 4091 576 4150 fermo
589 4093 640 4150 illo
652 4096 760 4152 saeculo
775 4096 901 4153 deterim
916 4107 974 4166 est,
990 4115 1084 4173 neque
1098 4100 1189 4154 ullum
1202 4097 1291 4153 babet
1306 4093 1406 4152 metul-

331 4187 395 4244 lum
406 4197 524 4255 usuum,
535 4203 597 4262 quo
610 4205 695 4245 noua
707 4188 794 4264 hujus
809 4189 898 4250 atatis
908 4189 1124 4268 improbitatem
1139 4189 1277 4271 designet.
1297 4189 1335 4250 tu
1352 4203 1406 4244 nos
