3042 4984
250 467 303 532 IN
333 469 566 536 SA'lIIiAM
589 471 831 537 DECIMAM
855 473 1100 558 QUINTAM.
1149 473 1212 560 393

175 581 243 632 Vua.
263 601 306 648 ιθ.
323 587 436 645 Scelere,
448 603 478 647 a,
491 587 554 636 lorte
567 587 665 636 rectius.

174 673 243 728 Nor.
266 697 299 746 ²9
321 697 376 750 seq.
397 683 449 730 Nos
468 679 613 732 referemus
627 683 717 744 scelus,
738 699 793 733 non
813 681 894 734 onina
910 681 1044 748 hominis,
1063 681 1110 736 aed
1126 683 1216 752 uulgi,

141 758 220 810 totius
230 762 339 834 populi,
352 764 432 836 quale
441 783 588 837 numquam
601 763 724 818 anditum
738 777 838 818 estnec
850 784 865 816 a
878 767 986 834 Trogitis
998 766 1085 838 poetis
1096 763 1215 835 descrip-

141 851 208 907 tnm;
218 850 336 913 graviora
349 851 441 899 cunctis
455 851 592 915 eotlmmis,
607 851 660 902 hoc
672 861 728 917 est,
739 850 786 914 iis,
796 867 855 921 qna
864 849 893 902 in
902 849 1039 922 tragoediis
1048 851 1216 904 tolenttrao·

141 926 199 978 tari.
211 928 278 981 Vid.
293 929 329 984 ad
340 932 395 995 vt,
411 931 471 985 506.

172 1023 245 1078 Nor.
265 1025 309 1082 30.
329 1034 354 1079 A
370 1031 486 1094 Pyrrltu,
500 1027 564 1082 inde
584 1047 601 1082 ι
620 1039 741 1101 tempore
759 1029 884 1102 Pyrrhae,
899 1030 952 1083 hoo
968 1041 1025 1095 est,
1037 1027 1149 1093 diluvii,
1161 1047 1216 1102 quo

139 1105 289 1163 Deucalion
303 1123 331 1165 et
343 1112 462 1184 Pyrrha,
476 1130 546 1166 uxor
554 1114 628 1186 ejus,
641 1113 747 1176 vixere,
762 1123 792 1163 ut
804 1130 886 1184 supra
898 1114 926 1178 1,
939 1114 971 1166 81
983 1129 1038 1183 seq.

324 1223 358 1266 lix
368 1235 415 1282 qno
425 1222 549 1268 Deucalion
560 1222 645 1269 nimhie
657 1221 788 1270 tollentibus
797 1237 876 1284 equor
923 1263 925 1268 .

324 1297 424 1358 Navigio
433 1305 535 1343 montem
544 1295 678 1352 adscendit,
690 1305 734 1344 oto.
760 1337 763 1340 .

138 1385 184 1440 nt
200 1389 264 1448 vtae
278 1405 364 1460 noos.
380 1423 417 1435 -
429 1400 553 1461 oman,
565 1395 709 1469 tragedias
723 1397 734 1467 ς
747 1361 779 1450 ui
791 1395 865 1469 apua
878 1397 997 1451 nonai.
1011 1397 1062 1462 ιν,
1077 1404 1126 1466 ⁴9,
1138 1397 1171 1463 ι,
1190 1409 1217 1450 ιι

138 1469 214 1538 XII,
233 1477 284 1542 96,
298 1475 560 1546 4);vid.adV111,
575 1499 636 1548 ²²9·

172 1632 243 1680 Vn.
264 1637 306 1683 31.
324 1638 440 1702 Populos,
456 1640 497 1688 16.
508 1666 544 1676 -
554 1642 621 1688 Vna.
641 1641 682 1690 32.
702 1637 828 1686 Produtct't
837 1637 862 1686 in
873 1654 933 1696 avo,
952 1639 992 1698 1³,
1003 1654 1045 1688 aa.

174 1730 245 1780 Vua.
264 1733 308 1782 33.
327 1736 394 1782 Inter
395 1733 521 1802 finitimos
532 1735 624 1783 eeilioet
633 1734 707 1783 nrbee
720 1733 820 1783 emend.
831 1735 929 1784 Salmas.
943 1735 1030 1783 Exem.
1041 1731 1106 1784 Plio
1118 1751 1142 1800 p.
1155 1742 1215 1796 447.

137 1811 187 1860 Sed
195 1815 277 1880 jungo
285 1815 350 1864 inter
355 1816 478 1885 finitimos
490 1819 575 1886 Coptos
586 1830 610 1867 et
623 1820 738 1882 Tentyra,

174 1907 247 1960 Nor.
267 1907 301 1961 33
318 1929 372 1983 seq.
392 1912 471 1965 Conl.
485 1911 521 1966 ad
535 1932 575 1966 vs.
590 1933 614 1966 a.
628 1943 662 1954 -
675 1917 746 1964 Inter
746 1913 869 1983 finitimos
887 1915 1012 1981 captaret
1027 1915 1147 1978 Tentyra,
1163 1909 1218 1963 hoc

138 2000 193 2053 est,
205 1990 278 2044 inter
286 1991 402 2048 finitima
410 1994 513 2068 oppida
522 2015 669 2068 eorumque
680 1996 794 2050 incolas.

175 2149 246 2199 Vna.
268 2151 309 2207 34.
328 2153 362 2199 Et
372 2151 441 2200 deest
462 2170 503 2219 ¹9·
516 2182 551 2192 —
568 2153 698 2217 satiabile,
712 2156 756 2203 13:
765 2157 816 2220 Ego
829 2156 912 2219 potina
925 2169 1023 2203 vernam
1032 2153 1101 2202 huno
1109 2168 1220 2217 pannum

137 2249 194 2281 esse
206 2235 374 2297 crediderim,
386 2254 399 2285 ι
411 2239 576 2290 vernilioatore
588 2240 671 2303 aliquo
685 2250 802 2287 amotum.
815 2240 932 2288 Caurum
947 2255 1000 2291 non
1011 2238 1133 2303 expiscari
1140 2247 1221 2302 potest

138 2318 216 2366 Hein-
233 2321 299 2382 Qoia
312 2326 490 2392 ταυτιλιγυιῶς
502 2323 565 2372 dicta
577 2333 636 2371 aunt
645 2332 728 2383 vetus,
739 2321 855 2385 antiqua,
871 2320 1018 2380 immortale,
1029 2336 1163 2385 numquam
1177 2336 1220 2367 sa·

139 2402 243 2460 nubile,
253 2414 280 2451 nt
291 2415 315 2452 et
325 2404 449 2466 simultas,
460 2405 555 2465 odium,
566 2406 667 2453 uulnus.

175 2496 247 2549 Nor.
268 2496 312 2560 34.
333 2503 427 2550 Vulnus
446 2499 545 2560 animi,
564 2497 644 2552 dolor
655 2497 699 2552 rel
715 2494 868 2566 indignatio
882 2507 909 2548 et
925 2495 981 2562 ira,
995 2495 1043 2549 Gr.
1055 2495 1131 2555 ἕλκος.
1143 2493 1221 2549 cont.

138 2580 208 2634 Var.
222 2580 343 2634 lection.

173 2741 242 2788 Van.
262 2741 305 2790 ³5.
326 2741 414 2790 Ombos
427 2758 475 2807 pro
494 2743 591 2807 Coptos,
606 2757 629 2802 r,
646 2751 686 2801 ιι,
703 2741 743 2802 18,
754 2744 797 2801 os,
812 2756 854 2804 70,
868 2737 968 2802 75‚76,
982 2739 1137 2800 77,81,8a.
1152 2737 1222 2788 con-

140 2827 193 2884 dor,
207 2840 249 2885 ιο,
262 2840 303 2886 17,
315 2841 435 2888 ιιι-ιι,
446 2836 494 2888 24,
507 2826 550 2888 ²5,
563 2825 675 2886 45-50,
687 2826 799 2884 54-60,
809 2824 924 2888 62-69,
934 2832 1046 2886 71-74.
1057 2823 1170 2884 Cumbos,
1182 2838 1224 2885 19,

140 2911 184 2969 23,
197 2925 241 2970 η,
253 2909 365 2969 vambos,
381 2911 423 2964 16,
434 2909 553 2969 Combros,
566 2926 607 2969 ιι,
621 2910 652 2958 15
656 2945 661 2957 .
673 2907 769 2958 Eadem
778 2909 926 2958 variemeest
934 2908 962 2956 in
971 2909 1040 2957 MSS.
1050 2909 1125 2956 Parin.
1138 2908 1186 2956 Sed
1195 2908 1222 2956 in

138 2992 204 3040 Cod.
219 2994 345 3054 Puteum,
364 2994 407 3058 qni
421 2994 535 3042 omnium
548 2993 734 3057 antiquissimus
748 3004 798 3053 est,
812 3002 891 3040 exstat
908 2990 997 3054 Copae,
1015 2992 1083 3055 quod
1094 2991 1126 3040 ad
1140 3007 1222 3040 veram

138 3074 273 3126 Ιιιῑίοιιιιιι
284 3077 366 3138 ducit,
378 3094 451 3142 qaam
463 3095 520 3126 oum
531 3077 595 3128 neh.
606 3077 724 3126 substitui
735 3094 781 3142 pro
792 3077 887 3141 vulgata
898 3076 999 3137 Ombos,
1013 3093 1067 3140 quae
1075 3092 1173 3141 temper
1183 3092 1223 3124 me

139 3159 246 3207 offendit
261 3177 267 3207 :
281 3176 338 3208 nam
349 3160 498 3210 describitur
513 3160 619 3219 bellum,
632 3160 736 3226 antiqua
749 3159 861 3214 simultas
877 3171 900 3207 et
911 3158 1049 3208 immortale
1061 3158 1143 3208 adium
1161 3157 1224 3206 inter

140 3258 264 3292 rrnrrrru
284 3245 376 3309 oppida
390 3243 444 3309 (ιι.
466 3246 497 3293 33
509 3244 530 3310 ),
551 3245 616 3296 ἰιιιιι
636 3260 689 3308 qna
708 3243 781 3298 etiarn
798 3243 839 3294 illa
857 3253 959 3308 propter
975 3242 1133 3308 religionem,
1154 3257 1223 3291 oom-

141 3327 262 3375 meroium
278 3327 392 3392 rixasque
409 3328 470 3376 varii
484 3328 581 3393 generir
597 3328 674 3376 multo
691 3327 799 3389 facilins,
816 3343 890 3392 qnam
906 3327 972 3375 inter
992 3344 1033 3387 ea,
1047 3343 1101 3392 qun
1116 3327 1224 3392 longiori

140 3411 273 3460 intervallo
286 3413 449 3470 dirimuntur,
463 3425 488 3461 et
499 3413 559 3461 oriri
573 3428 631 3460 sane
646 3421 671 3459 et
682 3412 767 3460 eaevire
779 3420 891 3476 possunt.
904 3409 1020 3461 Finitima
1033 3421 1115 3462 antem
1129 3409 1223 3474 oppida

141 3509 197 3542 non
209 3505 267 3542 anat
277 3494 349 3544 Ombt'
357 3506 381 3544 et
391 3496 509 3557 Tentyra,
519 3495 563 3544 sed
574 3497 663 3560 Captus
674 3506 698 3542 et
710 3496 816 3558 Tentyra
827 3494 970 3560 (quodiam
977 3495 1076 3548 monuit
1085 3493 1185 3543 Salmas.
1195 3494 1223 3543 in

144 3577 231 3626 Exere.
244 3577 309 3628 Plio.
318 3593 374 3643 pag.
389 3577 461 3642 448);
475 3594 533 3626 nam
545 3576 629 3632 Ombi.
643 3565 738 3644 ὄμῧιι,
751 3579 779 3626 in
790 3581 871 3626 Nomo
882 3570 984 3625 Ombi'te
997 3587 1022 3624 et
1034 3577 1065 3624 ad
1076 3576 1223 3626 orientalem

142 3660 195 3708 Nili
204 3662 301 3726 ripam,
315 3661 359 3710 nbi
369 3679 437 3710 nnnc
451 3663 576 3712 castellnm
588 3659 648 3710 cna
657 3662 735 3712 Ombo
747 3661 758 3726 (
764 3661 815 3710 rid.
826 3660 926 3710 Tmuels
936 3671 962 3710 to
970 3661 1080 3710 (Ιὺωνιν
1087 3659 1129 3709 tle
1138 3677 1224 3710 source

143 3741 176 3806 ⁰s
184 3743 225 3791 tlre
234 3741 306 3806 n'ua,
321 3744 353 3806 ly
365 3747 449 3793 James
463 3747 555 3803 Bmoe,
571 3745 620 3794 vol.
636 3748 661 3805 1,
675 3762 729 3811 cap.
747 3748 798 3806 VI,
813 3762 868 3810 pag.
885 3740 934 3802 143
943 3743 963 3809 ).
979 3745 1087 3804 Tentyra
1097 3745 1124 3792 in
1137 3744 1222 3796 Nomo

140 3827 269 3892 Tentyrite
282 3839 306 3876 et
316 3827 347 3876 ad
357 3828 535 3877 occidentalem
545 3829 597 3877 Nili
610 3830 689 3894 ripam
701 3829 747 3877 rita
758 3839 842 3886 erant,
854 3838 879 3876 et
890 3827 966 3892 longe
976 3826 1008 3874 ab
1021 3827 1110 3875 Ombia
1122 3838 1223 3875 remota.

144 3912 230 3977 Captus
243 3929 302 3961 vero
317 3930 332 3962 ι
346 3913 462 3978 Tentyris
474 3928 526 3961 non
540 3914 588 3962 nisi
601 3915 652 3962 xli
666 3913 780 3962 milliaria
795 3911 879 3971 abest,
896 3921 969 3976 capnt
981 3927 1034 3959 non
1044 3909 1154 3973 ejusdem
1165 3911 1220 3975 qni·

143 3995 212 4058 dem,
231 3997 276 4046 aed
292 3997 441 4048 contermini
457 3998 542 4046 Nomi.
556 3999 632 4060 Quod
646 3999 697 4060 jam
713 3997 859 4060 intelligitur
877 4010 909 4043 ex
924 3995 1020 4054 Plinio,
1036 3995 1080 4058 qni
1093 3994 1137 4042 lib.
1153 3995 1185 4054 V,
1195 4011 1222 4058 9.

144 4079 280 4130 Thebaidis
288 4097 378 4130 nomos
387 4082 436 4128 hoo
450 4081 537 4128 ordine
550 4093 693 4129 enumerat:
704 4104 715 4124 ι
723 4080 856 4139 Ombiten,
867 4079 1012 4136 Pherinium,
1024 4077 1222 4144 Apollopoliten,

143 4161 348 4225 Hermonthiten,
356 4163 475 4212 Thiniten
483 4200 491 4224 ,
500 4163 658 4225 Phaturiton,
670 4163 971 4228 coptiten‚'remyr1ten,
984 4161 1152 4225 Diospoliten,
1167 4161 1222 4207 An·

144 4246 297 4310 tnopoliten,
315 4247 567 4320 Aphroditopoliten‚
584 4247 774 4312 Lycopoliten.»
788 4246 902 4296 APlinio
920 4262 972 4294 non
987 4244 1091 4292 multum
1100 4243 1222 4308 dirumpat
