3036 4984
357 433 413 498 ιιι
436 431 668 500 ιιιιιιιι
691 433 943 500 uncturus.
1127 452 1188 518 109

150 541 216 594 Nor.
240 547 391 616 174-178.
411 545 510 599 Merito
522 559 601 618 poeta
612 547 769 619 perstringit
780 545 910 602 ridiculas
919 548 1073 602 Grecorum
1083 545 1190 600 fabulas

116 627 274 692 (pstremo
287 631 428 680 Gmoorum
439 633 582 690 mendacis,
597 629 666 684 dixit
677 631 745 684 Plin.
756 633 792 694 V,
806 636 835 704 ι)
846 631 881 685 de
891 633 992 697 Xerxe,
1005 649 1085 704 quus,
1096 631 1190 703 glorie

114 711 374 782 sueamplilioandae
384 729 479 778 cansa,
492 715 635 766 commenti
644 727 714 768 sunt.
727 713 825 783 (cont.
836 715 916 779 xlv,
931 721 981 777 ²4⁰
991 715 1010 782 ).
1021 714 1190 767 Fabulantur

114 792 181 844 enim
191 793 313 848 Xerxem
324 793 414 848 decies
422 795 518 867 septies
529 808 641 850 centena
651 795 737 850 millia
748 795 872 868 peditum
885 815 1016 862 mmasse,
1027 797 1190 868 naviumque

113 872 238 930 habuisse
259 876 356 932 decens
376 874 512 950 popsddm
528 881 624 943 Artos,
646 879 806 932 altissimum
828 877 996 932 Macedonio
1020 892 1156 945 montem,
1173 901 1191 934 a

113 962 262 1016 continenti
276 963 438 1028 abscissum,
451 963 602 1036 perfossum
618 963 739 1035 marique
756 963 876 1017 immisso
888 966 1055 1036 velificante,
1068 964 1121 1018 hoc
1134 978 1190 1032 est,

113 1043 244 1097 elassibus
258 1047 492 1117 transnavigatum
503 1047 513 1113 (
523 1047 615 1115 remige
625 1049 698 1098 Medo
707 1047 851 1096 sollicitatus
860 1046 949 1110 Athos,
963 1043 1036 1116 apud
1045 1043 1189 1098 Cluudian.

112 1124 169 1190 Ill,
180 1127 237 1182 336
247 1129 271 1194 );
281 1130 370 1180 indes
381 1131 495 1180 classibus
507 1142 665 1191 consuamus,
677 1141 818 1200 opertum,
828 1147 905 1196 mare,
916 1129 960 1184 rel
973 1128 1045 1182 viam
1055 1147 1105 1200 per
1117 1148 1191 1184 mare

113 1221 223 1262 stratam
232 1250 241 1274 ,
250 1224 274 1260 et
283 1213 390 1262 solidum
402 1224 489 1265 totum
502 1211 722 1284 Hellespontum,
733 1223 888 1264 constructo
899 1211 1014 1265 navibus
1026 1224 1108 1284 ponte
1115 1215 1192 1285 juno·

113 1305 166 1346 tum
178 1294 225 1345 vel
236 1293 444 1348 contabulatum
457 1313 529 1356 esse,
540 1305 567 1348 et
577 1295 721 1362 subpositum
734 1297 803 1355 roris,
816 1295 954 1360 curribus,
968 1294 1068 1366 quibus
1080 1315 1113 1348 ex
1126 1298 1191 1351 Asia

114 1376 139 1427 in
151 1377 295 1449 Europam
304 1377 435 1431 exercitus
446 1377 481 1431 sit
491 1377 663 1432 transmissus
671 1379 759 1449 (conf.
770 1382 876 1432 Lucret.
888 1381 950 1442 111,
961 1387 1028 1444 rods
1040 1382 1128 1452 serp),
1138 1387 1192 1434 olto

104 1461 235 1528 flamina(
252 1459 467 1528 Scamandrum,
484 1461 680 1528 Onocbouum,
701 1461 854 1535 Apidanum
874 1476 901 1515 et
922 1461 1096 1518 Echedorum
1116 1463 1191 1536 apud

113 1539 247 1592 llerodot.
261 1543 337 1608 VII,
356 1549 403 1607 Is,
425 1546 474 1610 196
484 1548 494 1610 )
504 1557 576 1610 epota
588 1545 717 1612 defecisse,
733 1563 864 1609 cessasse,
872 1548 1014 1613 prandente
1032 1565 1064 1600 uc
1079 1546 1191 1600 bibente

114 1625 186 1674 necto
198 1624 364 1696 Persicoque
372 1626 504 1690 exercitu,
518 1639 543 1676 et
553 1645 608 1694 quse
618 1626 670 1678 alin
680 1641 776 1694 cautor,
784 1627 877 1699 lingit,
891 1628 1103 1681 comminiscitur
1112 1635 1121 1697 (
1129 1628 1191 1683 vide

113 1704 147 1757 ad
166 1707 221 1772 tv,
237 1707 271 1760 35
282 1709 302 1773 ),
317 1713 443 1760 Sostratus.
462 1707 540 1762 cont.
561 1706 692 1763 Herodot.
710 1711 779 1777 VII,
802 1729 835 1763 ao
854 1730 908 1782 seq.
926 1711 1012 1775 VIII,
1028 1729 1039 1762 t
1057 1715 1134 1783 seq.(
1144 1713 1191 1784 qui

112 1804 223 1862 epotum
237 1811 347 1864 quoque
357 1791 440 1845 tradit
458 1793 547 1846 lacum
561 1811 614 1846 xxx
628 1794 797 1862 stadiorum)
806 1791 920 1845 Diodor.
936 1793 991 1858 XI,
1007 1795 1090 1859 2-5;
1104 1796 1189 1848 Isocr.

112 1875 275 1938 Panathen.;
291 1876 413 1948 AEschyl.
428 1878 512 1940 Pers.;
529 1875 619 1928 Strab.
634 1877 718 1941 xt11;
732 1875 870 1934 Plutarch.
889 1875 1019 1928 Themist.
1038 1889 1065 1929 et
1077 1877 1190 1931 Aristid.

113 1957 236 2030 aliosque
246 1959 400 2030 scriptores.
410 1967 419 1994 ¹

151 2105 217 2154 Vas.
240 2105 299 2164 178.
319 2107 380 2168 Quoe
392 2113 493 2162 mutat,
511 2103 553 2160 45.

146 2198 218 2250 Nor.
242 2197 303 2267 178.
324 2199 427 2247 Sostrati
438 2196 504 2248 olim
517 2196 592 2248 fuere
608 2196 692 2262 varii,
704 2214 732 2247 v.
749 2215 771 2248 c.
787 2193 904 2248 Guidius
919 2196 1106 2266 architectus(
1118 2199 1190 2253 Plio.

112 2281 251 2342 11va
266 2300 298 2334 u
315 2299 335 2333 ι.
357 2279 502 2342 18;Strab.
515 2278 610 2341 XVII,
628 2280 713 2348 791),
727 2279 871 2350 chirurgus
882 2283 892 2348 (
903 2280 973 2332 Cels.
989 2281 1058 2346 vlt,
1072 2287 1104 2346 4,
1120 2287 1188 2354 14),

110 2365 239 2418 sacerdos
249 2363 364 2418 Veneris
374 2365 455 2432 (Tac.
466 2363 537 2416 Hist.
548 2362 591 2426 ΙΙ,
604 2366 645 2431 d),
654 2360 779 2428 Macedo,
792 2363 986 2435 conjurationis
994 2377 1087 2416 unctor
1097 2364 1189 2434 (Curt.

111 2451 195 2514 VIII,
207 2455 250 2521 6),
261 2450 352 2504 etalii.
363 2450 451 2514 Quem
462 2467 526 2502 vero
534 2453 665 2498 Sostratum
675 2447 728 2500 hoc
740 2447 801 2499 loco
811 2460 889 2518 poeta
901 2446 1078 2518 perstringat,
1093 2467 1190 2520 parum

110 2547 227 2588 constat.
240 2536 304 2586 Vet.
318 2533 410 2586 Schol.
425 2533 590 2596 ·Sostratns,
598 2530 699 2602 iuquit,
711 2543 792 2602 poeto
804 2529 867 2594 luit,
875 2531 921 2602 qui
932 2531 1029 2583 Xerxis
1037 2531 1107 2602 regis
1119 2531 1190 2586 lacta

110 2617 264 2690 descripsit.
278 2619 388 2668 Madidis
402 2628 491 2668 autem
506 2617 555 2665 als's
575 2612 652 2678 ideo,
668 2613 733 2685 quia
749 2613 851 2678 omnis,
868 2613 915 2684 qui
930 2631 992 2666 cum
1004 2613 1190 2670 sollicitudine

109 2703 219 2765 recitat,
234 2701 286 2754 viri
300 2719 405 2753 necesse
416 2712 472 2762 est,
485 2710 515 2750 ut
527 2698 575 2750 alte
589 2696 693 2751 sudent.
705 2696 750 2749 Sic
764 2696 909 2750 Horatius:
922 2700 1003 2747 Sudor
1014 2701 1051 2748 od
1062 2700 1124 2748 imos
1136 2704 1191 2749 Μα-

111 2789 189 2836 sabae
199 2789 298 2837 talos.»
309 2785 473 2834 —Mads'das
485 2784 541 2833 olas
552 2780 690 2847 nonnulli,
707 2793 759 2834 vet.
777 2780 867 2832 Schol.
886 2793 1074 2852 pretereunte,
1093 2779 1129 2834 ad
1145 2801 1191 2834 su-

1 2869 2 2874 ’
110 2868 205 2921 domm
218 2867 408 2930 recitantium,
422 2865 469 2918 alii
488 2862 523 2918 ud
540 2864 658 2916 furorem
670 2875 811 2936 poetarum
826 2864 868 2917 vel
885 2877 991 2926 vatum,
1004 2884 1058 2936 quo
1069 2866 1190 2919 concitus

1 2947 2 3010 i
109 2965 133 3006 et
147 2953 229 3025 quasi
240 2952 332 3004 ebrius
344 2951 480 3004 Sostratus
492 2949 572 3002 nimis
582 2950 635 3002 alte
648 2948 756 3012 volans,
768 2947 908 3000 veritatem
921 2945 1057 3020 fidemque
1070 2946 1191 3001 historin

110 3037 268 3098 mensuit,
280 3033 329 3086 alii
340 3053 403 3086 vero
414 3031 450 3085 ad
458 3050 549 3085 veram
560 3031 731 3093 ebrietatem,
741 3047 800 3100 quse
811 3027 934 3082 eumdem
945 3028 1103 3101 produxerit
1112 3031 1190 3096 ellec-

112 3131 183 3182 tum,
198 3118 339 3172 referunt:
353 3135 417 3169 nam
432 3119 547 3168 madidus
568 3133 614 3169 sen
633 3115 734 3164 madens
751 3125 777 3164 et
797 3111 954 3186 βιὸριγμίνος
971 3114 1070 3185 passim
1089 3113 1190 3168 dicitur

112 3203 210 3256 ebrius.
221 3200 295 3254 Vide
305 3196 340 3254 ad
355 3201 413 3262 XV,
422 3205 464 3269 47.
476 3204 570 3252 Sensus
582 3198 680 3250 horum
691 3195 835 3249 verborum
848 3194 956 3267 planior
966 3196 1035 3248 foret
1045 3208 1072 3248 et
1080 3197 1189 3262 certior,

112 3287 136 3338 si
149 3298 301 3348 constaret,
313 3283 402 3356 qualis
412 3283 495 3335 homo
508 3281 588 3335 inerit
601 3279 750 3339 Sostratus,
765 3291 855 3332 utrum
866 3280 953 3331 malus
964 3278 1137 3340 declamator,
1154 3300 1188 3334 sn

111 3381 204 3439 poeta,
217 3389 253 3421 an
270 3380 360 3431 rates,
375 3385 410 3420 au
430 3366 590 3436 aretalogus.
605 3367 660 3416 Atoe
674 3376 762 3416 tamen
780 3382 827 3416 seu
846 3363 933 3416 axillre
951 3362 1066 3416 madidas
1079 3384 1127 3417 cur
1142 3367 1190 3417 tri-

110 3453 232 3504 buuntur
244 3451 355 3506 ratibus
366 3449 457 3502 lurore
469 3447 562 3502 divino
579 3446 727 3518 correptis?
746 3459 773 3498 et
789 3465 837 3498 cur
850 3445 948 3498 ebriis?
968 3447 1140 3500 Probabilior
1150 3460 1190 3499 est

111 3535 300 3609 interpretatio
321 3534 401 3588 Heio.
427 3557 438 3579 ι
451 3535 561 3584 Madidoe
580 3535 629 3582 alae
651 3543 728 3596 sunt,
748 3529 848 3601 quihus
871 3527 981 3582 tendere
1004 3549 1058 3581 non
1081 3529 1144 3582 licet
1161 3531 1189 3582 in
1294 3541 1296 3550 ’

111 3620 179 3674 altos
193 3620 310 3674 nubium
321 3630 422 3672 tractus
433 3619 444 3686 (
454 3617 549 3670 Hdrat.
561 3613 614 3669 Od.
626 3616 677 3680 IV,
693 3634 722 3676 s,
740 3632 772 3683 ²7
782 3615 801 3680 ),
813 3613 877 3683 quia
888 3611 967 3694 nimis
979 3630 1049 3682 aqna
1062 3632 1189 3684 premun-

110 3717 164 3768 tur,
178 3723 238 3776 qum
251 3703 376 3757 volatum
390 3699 517 3772 impedit;
535 3699 670 3770 igiturque
681 3698 830 3752 Sostratum
848 3697 951 3748 mulum
964 3696 1047 3750 fuisse
1064 3711 1187 3770 poetam,

110 3787 258 3840 certissime
273 3785 368 3856 colligi
379 3802 457 3856 posse
472 3797 548 3856 puto.
559 3809 570 3830 ι

147 4029 157 4054 ¹
179 4023 251 4085 Quos
268 4021 373 4070 landant
388 4019 469 4070 Barth.
486 4030 510 4068 et
528 4020 629 4084 Iloeuig.
676 4017 718 4065 lib.
734 4019 772 4076 11,
794 4030 837 4074 ιο,
854 4026 879 4063 et
894 4016 981 4080 Virgil.
997 4017 1074 4066 Culic.
1089 4033 1122 4080 ao
1137 4033 1187 4081 seq.

111 4102 141 4149 ad
160 4101 292 4151 (landIau.
310 4101 338 4148 in
356 4098 441 4148 llndu.
460 4099 504 4147 lib.
524 4101 553 4161 1,
582 4099 632 4148 336
676 4097 748 4147 conf.
764 4106 788 4143 et
807 4092 965 4145 Wernsdorl'.
981 4097 1014 4145 ad
1030 4098 1124 4147 IIimer,
1142 4097 1185 4144 Or.

112 4199 162 4247 seq.
176 4181 220 4231 lib.
235 4183 275 4242 11,
291 4197 339 4230 rao
352 4195 404 4244 seq.
419 4180 526 4245 interpp.
541 4179 633 4228 lustin.
676 4177 721 4225 lib.
733 4179 771 4234 11,
781 4191 835 4240 pag.
846 4177 905 4232 ⁴⁰⁸·
