3030 4984
303 460 355 526 ΙΝ
379 456 599 525 6ΑΤΙΙΙΑΜ
623 455 969 522 DUODECIMAM.
1109 457 1171 524 233

145 570 207 626 lior.
229 573 287 626 123.
300 575 394 623 Deiecit
402 575 498 624 tabulas
508 570 671 632 testamenti,
681 569 708 622 in
718 569 817 641 quihus
824 570 892 622 alios
902 569 1042 642 scripserat
1049 553 1171 624 heredes.

114 687 143 698 ·-
158 659 268 708 Inclusus
286 675 384 708 carcere
399 673 482 706 nassoe
497 667 606 708 venuste
622 653 722 708 dicitnr
739 653 815 708 dives
834 666 860 706 et
876 654 972 717 orbus,
988 654 1034 725 qui
1052 655 1173 705 mirandis

110 743 205 803 nentis,
217 738 332 802 officiis,
346 739 415 792 votis
428 755 460 791 sc
475 738 629 801 sacrificiis,
642 739 678 790 sb
692 736 846 809 heredipeta
864 736 982 790 irretitus
992 749 1019 790 et
1033 735 1173 790 devinctus

111 823 220 892 capitur,
232 823 308 876 velut
316 823 397 895 piscis
406 822 432 874 in
444 839 531 875 nassa.
544 851 578 862 -
592 826 690 884 Nassa,
703 822 786 892 κύρτσς
800 821 935 892 (Oppian.
946 809 1039 872 littus.
1052 821 1109 882 ΙΙΙ,
1125 819 1174 882 85,

110 917 132 956 et
142 906 184 968 341
203 908 286 977 serp),
299 909 326 958 in
340 905 438 972 σχσῖνσν
451 903 584 976 λσὲὑρινθσι
598 905 730 972 (Theocr.
744 903 825 966 xxl,
842 906 898 970 ιι),
911 901 1034 955 calathus
1044 901 1182 955 vimineus

111 989 207 1060 angusti
224 989 306 1053 colli,
325 1008 380 1061 quo
390 1009 474 1062 quum
491 989 599 1043 intravit
616 981 711 1060 piscis,
726 987 798 1040 exire
810 1004 864 1038 non
880 999 976 1058 potest.
996 986 1037 1038 Ea
1051 990 1175 1059 γραφικῶς
1236 1024 1239 1040 ,

111 1073 264 1126 describitur
274 1074 302 1126 in
315 1074 366 1127 loc.
379 1074 436 1126 tint.
449 1086 474 1128 et
484 1075 561 1128 class.
572 1075 619 1128 sit.
631 1075 668 1136 V,
680 1080 711 1138 47
723 1090 778 1142 seq.
790 1071 836 1124 ubi
847 1069 902 1124 rid.
914 1083 970 1125 not.
982 1069 1060 1124 cont.
1073 1070 1128 1124 cic.
1138 1065 1174 1122 ad

111 1159 156 1209 ltt.
166 1157 232 1216 XV,
245 1176 295 1220 σο,
305 1158 392 1210 Plaut.
405 1158 465 1212 Mil.
478 1159 521 1221 ll,
533 1160 565 1222 6,
577 1159 625 1224 98,
638 1168 666 1210 et
675 1156 735 1207 locs
745 1156 922 1226 scriptorum,
933 1154 962 1206 in
973 1153 1072 1225 quibus
1082 1151 1176 1207 similis

112 1253 146 1292 est
155 1242 324 1312 metsphnrs,
339 1259 352 1293 a
367 1253 478 1314 rapturo
492 1241 608 1313 piscium
620 1239 780 1312 desumpta,
794 1238 882 1290 Plane
893 1238 975 1290 Truc.
985 1239 1015 1301 l,
1030 1254 1053 1298 t,
1067 1253 1110 1300 σι,
1127 1255 1175 1302 σσ,

110 1335 131 1376 ct
141 1323 215 1375 Curc.
229 1324 292 1386 111,
304 1327 351 1390 6ι,
366 1323 484 1378 Martial.
498 1325 553 1386 Vl,
568 1324 610 1386 ⁶3,
621 1325 647 1385 5,
658 1326 693 1385 6,
706 1322 799 1374 Horat.
812 1320 891 1374 Satir.
906 1320 950 1383 ΙΙ,
961 1317 987 1385 5,
998 1327 1045 1386 443
1055 1319 1177 1391 Epistl,

113 1399 132 1462 ¹ss
144 1424 183 1474 79·
194 1419 235 1469 et,
251 1406 302 1477 qui
314 1405 348 1458 de
356 1405 451 1460 eadem
460 1425 489 1460 re
500 1407 569 1478 agit,
579 1405 689 1460 Lucinu.
702 1405 730 1457 in
744 1405 815 1456 Tim.
827 1407 843 1474 ς
855 1422 887 1456 σι
901 1396 971 1463 ,ΟΙσς
982 1401 1066 1461 absol<
1078 1403 1089 1452 d
1099 1403 1176 1462 θύννος
1198 1400 1202 1409 “

111 1489 217 1558 ὰρνχσῡ
226 1495 270 1548 rie
282 1491 387 1562 σσγτζνσ,
399 1486 522 1563 διίρυγιν,
533 1492 576 1542 aits
590 1489 669 1562 ὀλίγον
679 1489 706 1540 rd
717 1485 804 1559 ds‘ltnp
820 1489 955 1550 renunties,
968 1487 997 1540 in
1009 1486 1080 1539 niet.
1092 1487 1177 1540 Mort.

111 1571 159 1634 Vl,
168 1577 191 1635 4.
204 1563 225 1625 ὁ
237 1569 267 1624 di
279 1612 288 1635 ,
306 1573 415 1626 τισιῦτόν
426 1593 467 1644 μοι
478 1570 564 1644 δι’λιιρ
575 1574 711 1636 καταπιὼν,
727 1570 859 1640 Ιριισσιὶιιιι
875 1573 1018 1642 θαπτομένῳ
1030 1570 1112 1639 repaire
1125 1571 1176 1621 Ιπι-

110 1661 192 1725 ριλῦν,
204 1655 231 1708 in
242 1657 318 1708 Disl.
333 1657 415 1710 Most.
428 1657 461 1710 X.
477 1663 525 1709 Νῦν
537 1648 658 1728 Ερμοὶσσς
668 1657 718 1722 Ιχιν
729 1654 761 1706 τὰ
771 1655 834 1724 ipat,
854 1655 933 1726 ὥσπερ
946 1671 981 1714 τις
992 1651 1086 1724 λα’ὅρσξ
1097 1653 1139 1706 καὶ
1148 1653 1175 1705 ri

111 1736 227 1808 ᾶῃιιστρσν
239 1747 278 1809 τῷ
295 1735 393 1791 luten
403 1740 623 1812 συγκατασπάσας,
636 1741 663 1793 ὶιι
675 1739 852 1801 Hermotimo,
864 1757 923 1810 cap.
934 1739 976 1807 69.
987 1729 1018 1798 lte
1028 1740 1146 1810 ὀλισθηρὸς
1157 1733 1179 1790 ti

111 1819 147 1869 nei
157 1817 337 1893 dudsdpa'cttssc
350 1824 377 1874 bt
391 1829 437 1876 τῶν
450 1829 545 1894 χιιρῶν,
556 1824 610 1876 tu·
621 1823 724 1893 nin'ptsac
735 1823 910 1895 Ιιιπιριιιγίνσι
923 1823 946 1880 l<
957 1820 997 1872 sis
1009 1822 1079 1874 αὐτὸν
1093 1822 1176 1891 κύρτον

113 1921 274 1970 spernentes.

140 2002 201 2054 Nor.
223 2001 286 2055 125.
306 2005 399 2055 Forsan
413 2023 467 2057 non
485 2004 541 2058 sine
554 2003 582 2058 si
594 1999 696 2056 dictum
710 2021 717 2054 :
733 2001 823 2056 innuit
838 2002 925 2066 enim,
943 2000 1073 2054 incertam
1085 1999 1174 2052 horni-

110 2083 145 2134 nis
156 2103 224 2156 spem
237 2105 312 2148 esse,
332 2085 453 2158 adeoque
471 2087 637 2160 improbiori
650 2088 707 2158 ejus
717 2097 793 2148 vota,
810 2084 942 2138 sacrificiu
953 2096 979 2137 et
991 2081 1175 2156 cupiditatem.

112 2169 221 2218 Breviter:
234 2187 302 2222 nam
317 2169 410 2240 paucis
423 2179 527 2222 tantum
538 2168 627 2224 verbis
645 2185 713 2239 opus
726 2179 765 2220 est
779 2168 807 2220 in
825 2167 1002 2231 testamentis,
1019 2165 1118 2237 quihus
1130 2165 1177 2217 he·

110 2248 176 2303 redes
187 2269 217 2304 ex
229 2271 291 2305 asse
306 2252 473 2320 scribuntur,
487 2270 538 2306 nec
551 2252 629 2326 plura
644 2251 674 2306 in
686 2250 718 2304 iis
731 2265 914 2305 memorantur
924 2249 1054 2304 heredum
1065 2249 1176 2303 nomina

110 2333 246 2406 tellegsts.
260 2335 344 2390 cont.
357 2334 392 2388 ad
402 2336 430 2404 Ι,
443 2337 487 2391 68.

142 2494 206 2542 Vn.
225 2497 283 2544 125.
299 2495 410 2558 Incedit,
424 2497 464 2554 15,
478 2511 518 2554 σι,
532 2510 574 2544 aa.
585 2519 621 2533 -
637 2492 709 2552 Vide,
721 2508 764 2554 27,
776 2499 818 2552 47,
832 2491 874 2549 ⁴8,
888 2491 919 2540 tt
944 2491 987 2540 66.

142 2585 203 2638 llor.
225 2589 284 2638 126.
300 2585 431 2640 Prreclsre
446 2585 480 2639 de
492 2586 572 2640 simili
589 2605 618 2639 re
630 2584 741 2638 Lucinn.
755 2583 783 2636 in
795 2583 935 2651 Timores
954 2601 995 2635 sa.
1010 2573 1103 2640 ὲσιῑνσς
1120 2581 1176 2651 μιν,

107 2662 160 2722 ἕως
182 2665 209 2717 ἄν
226 2665 242 2736 ἦ
259 2667 336 2730 eracl,
356 2668 524 2739 ἁρπσσᾶμινός
542 2687 572 2739 ps
593 2671 651 2737 (so.
674 2669 799 2733 Plutum,
818 2667 871 2720 hoc
890 2677 946 2732 est,
967 2663 1093 2736 divitias)
1114 2665 1174 2729 αὐτῇ

109 2741 193 2817 deiru,
212 2751 259 2802 list
276 2753 355 2822 φίρσνν
370 2751 422 2804 ἀντὶ
438 2757 480 2804 τσῦ
497 2753 556 2810 τίσις
569 2750 682 2822 Πυρρίου,
695 2752 712 2807 ἢ
726 2752 862 2822 Δρόμωνος,
883 2749 899 2806 ἢ
917 2749 1012 2813 Τιβίσυ,
1026 2755 1168 2822 negantis,

112 2829 325 2904 illapdbulaeph
342 2834 487 2906 Πρώταρχος
504 2833 700 2905 μιτσνσρισσθιὶς,
718 2833 771 2892 snite
784 2832 861 2904 pair-ns
879 2831 1010 2900 κιχῃνότσς
1030 2829 1129 2888 ΙιισΙνιυς
1146 2829 1176 2889 tic

113 2911 212 2976 ὓλιίλινς
223 2917 410 2982 ἀπσβλΙπσντιι,
421 2919 577 2983 καταλιπὼν,
588 2918 670 2976 ἀληθὲς
681 2917 787 2990 ἄγοντας
795 2918 822 2969 τὸ
832 2919 925 2982 πίνθσς,
937 2928 987 2969 etc.
1002 2945 1036 2956 -·
1045 2917 1175 2978 divalibus,

113 2995 162 3048 {llis
174 2999 355 3072 heredipetis,
373 3001 494 3055 eamdem
515 3000 691 3055 hereditatem
704 3002 882 3074 captantibus.
903 3031 939 3040 -
956 3002 1071 3050 Incedere
1083 3009 1176 3070 aptum

112 3078 136 3132 h.
147 3082 193 3136 loc.
205 3086 335 3148 verbum,
346 3084 420 3157 quod
433 3083 564 3157 superbire
575 3104 621 3139 sen
633 3085 818 3138 ostentationis
829 3097 855 3137 et
865 3083 1064 3156 gravitatisvim
1077 3083 1176 3155 passim
1252 3137 1261 3148 ,

114 3161 194 3230 luben
204 3167 261 3221 sid.
271 3167 308 3221 ad
318 3169 383 3221 Tac.
393 3172 462 3222 Anu.
472 3170 524 3235 lV,
537 3169 585 3235 ²3,
601 3169 632 3235 5,
643 3169 679 3224 ad
691 3169 749 3225 Liv.
761 3172 786 3235 l,
800 3173 847 3234 26,
859 3188 884 3238 9.
900 3168 975 3222 Cort.
988 3168 1024 3221 ad
1033 3168 1098 3222 Sall.
1112 3171 1175 3241 Jug.

116 3243 152 3310 31,
161 3249 278 3322 etintpp.
291 3249 368 3322 Virg.
379 3249 483 3303 AEneid.
497 3252 525 3316 l,
537 3255 579 3314 db.
763 3277 767 3283 ·

144 3347 201 3400 llor.
219 3365 280 3420 ¹²7·
300 3351 417 3416 Jugntlcte
431 3351 556 3414 Mycenis,
571 3347 710 3420 Iphigenia
728 3349 765 3417 (ι
785 3348 873 3420 patria
891 3349 930 3414 cic
946 3347 1034 3413 dicta,
1054 3358 1085 3401 ut
1100 3346 1174 3418 apud

113 3425 181 3482 Orid.
190 3431 254 3484 Met.
272 3432 342 3494 xn,
357 3431 393 3494 34
403 3432 421 3496 ),
434 3431 554 3494 honest,
571 3431 720 3484 immolatio
730 3431 801 3484 lilire.
816 3435 885 3484 Nem
895 3435 1003 3500 Mycenis
1012 3431 1038 3482 h.
1050 3431 1102 3482 loc.
1115 3429 1171 3481 lilia

111 3507 208 3564 Pacuvii
221 3515 327 3582 (ultera
339 3513 414 3585 qussi
428 3512 568 3586 Iphigenia
583 3515 625 3567 vel
642 3515 666 3568 ei
684 3515 810 3582 similis),
823 3527 1063 3586 ultumam-119.
1076 3513 1174 3596 Iphige-

110 3593 161 3652 nie,
173 3595 298 3666 quoniam
311 3615 362 3668 pro
373 3599 456 3649 salute
475 3596 538 3667 regri
550 3596 693 3670 divitisque
705 3597 837 3665 hominis,
854 3609 885 3651 ut
897 3615 961 3651 vers
972 3594 1111 3667 Iphigenia
1123 3612 1174 3666 pro

111 3675 188 3730 salute
196 3678 366 3742 Graecorum,
379 3679 543 3733 immolatur.

143 3773 224 3827 Aust.
238 3777 386 3831 tat-130.
397 3776 494 3836 Poeta,
507 3775 553 3848 qui
563 3774 678 3829 ridendo
688 3773 793 3830 dixerat
799 3793 907 3840 rerum,
918 3791 991 3826 nunc
1001 3791 1061 3827 cum
1072 3792 1175 3828 summat

110 3851 284 3926 indignatione
293 3859 412 3913 Pacuvio
423 3859 501 3930 eique
514 3859 647 3912 similibus
661 3857 822 3930 heredipetis
835 3855 895 3909 dira
905 3856 1076 3928 imprecatur,
1087 3857 1172 3911 vitam

110 3935 297 4009 longissimam,
314 3953 355 4005 et,
374 3943 462 4014 qualis
479 3960 622 3995 armorum
640 3961 698 3995 csse
714 3942 795 4004 solet,
812 3941 1007 3994 miserrimam:
1022 3940 1090 4014 quid
1102 3942 1172 3995 enim

110 4019 200 4076 tristius
210 4043 265 4078 esse
276 4037 380 4098 potest,
391 4044 472 4098 quam
481 4045 512 4080 ex
524 4025 637 4091 divitiis,
647 4025 733 4098 iisque
742 4025 881 4078 inhoneste
889 4025 988 4097 partis,
997 4026 1100 4078 nullam
1111 4044 1171 4098 per·

111 4101 190 4174 cipere
201 4107 366 4180 voluptutem
376 4120 403 4160 et
413 4128 462 4181 per
472 4109 579 4181 longam
587 4109 670 4163 sitam
679 4109 804 4162 omnibus
814 4125 889 4180 teque
899 4125 931 4162 ac
942 4109 993 4161 sibi
1003 4108 1055 4182 ipsi
1064 4125 1171 4180 gruem

111 4201 161 4238 ‘tte
177 4201 253 4262 atque
267 4189 409 4246 odiosnmi
426 4192 589 4264 imprecatio
605 4203 695 4250 tumen
709 4192 767 4246 haec
781 4203 904 4246 nontam
919 4193 954 4245 ab
971 4190 1171 4263 indignatione.
