3030 4984
352 423 414 490 252
620 423 662 490 D.
685 422 823 490 JUNll
844 421 1127 488 tuvuuntts

348 537 640 633 Chrysippusnon
655 537 744 607 dicet
757 537 865 622 idem,
881 561 945 606 uec
961 537 1041 606 mite
1055 535 1201 606 Thaletis

348 648 541 742 Ingenium,
555 645 712 740 dulcique
727 653 825 716 senex
838 647 969 716 vicinus
982 650 1158 742 Hymetto,
1367 653 1422 711 185
1507 627 1508 690 Ῐ

348 756 416 844 Qui
433 771 562 850 partem
579 771 725 850 acceptae
741 780 827 826 saeva
840 756 928 824 inter
941 755 1052 825 vincla
1067 757 1185 825 cicutae

347 867 545 935 Accusatori
558 863 661 934 nollet
673 865 761 934 dare.
775 863 923 934 Plurima
935 864 1013 938 felix

348 972 513 1044 Paulatim
531 973 627 1060 vitia,
642 987 740 1066 atque
753 996 882 1042 errores
896 973 988 1041 exuit
1002 996 1136 1058 omnes,

348 1085 459 1154 Prima
477 1081 602 1153 docens
619 1097 748 1152 rectum
767 1080 960 1175 Sapientia:
977 1081 1107 1176 quippe
1125 1081 1247 1152 minuti

347 1197 486 1289 Semper
501 1209 534 1264 et
548 1193 674 1263 infirmi
687 1208 737 1263 est
751 1193 854 1262 animi
866 1193 1043 1287 exiguique
1058 1192 1211 1288 voluptas
1369 1225 1418 1275 190

348 1301 463 1374 Ultio:
480 1305 642 1374 contiuuo
657 1303 705 1372 sic
721 1301 857 1398 collige,
871 1300 963 1396 quod
974 1303 1122 1372 vindicta

347 1416 458 1486 Nemo
475 1413 582 1510 magis
597 1412 735 1508 gaudet,
749 1437 851 1506 quam
866 1411 1002 1482 femina.
1018 1416 1089 1496 Cur
1103 1428 1214 1484 tamen
1228 1413 1291 1486 hos
1308 1427 1346 1488 tu

349 1525 501 1594 Evasisse
515 1538 628 1618 putes,
642 1547 726 1619 quos
738 1521 803 1592 diri
815 1522 947 1592 conscia
962 1522 1041 1592 facti

349 1639 454 1706 Mens
466 1636 568 1706 habet
579 1636 754 1720 attonitos,
770 1649 804 1704 et
820 1634 922 1704 surdo
936 1634 1072 1704 verbere
1087 1633 1200 1720 caedit,

351 1745 531 1815 Occultum
545 1744 715 1838 quatiente
728 1746 841 1813 animo
855 1759 982 1813 tortore
996 1741 1184 1837 flagellum?
1370 1757 1419 1824 195

348 1858 451 1924 Poena
469 1869 581 1924 autem
596 1855 793 1941 vehemens,
813 1879 853 1924 ao
867 1852 974 1923 multo
990 1855 1110 1924 saevior
1128 1853 1208 1937 illis,

349 1963 443 2052 Quas
461 1979 494 2033 et
513 1964 678 2034 Caedicius
696 1965 806 2060 gravis
820 1965 965 2051 invenit,
983 1980 1018 2034 et
1031 1964 1324 2064 Rhadamanthus,

352 2076 463 2144 Nocte
479 2073 598 2170 dieque
611 2098 709 2144 suum
725 2087 851 2168 gestare
869 2071 905 2142 iu
919 2087 1055 2168 pectore
1069 2088 1194 2144 testem.

396 2187 562 2279 Spartano
577 2182 711 2252 cuidam
728 2182 1033 2279 respondiththia
1047 2199 1160 2271 vates,

350 2294 449 2364 Haud
466 2294 671 2390 impunitum
689 2293 861 2388 quondam
880 2293 969 2381 fore,
988 2293 1080 2389 quod
1097 2293 1262 2364 dubitaret
1369 2329 1423 2364 ιω
1507 2317 1508 2320 ’

350 2499 416 2556 Nou
429 2517 463 2556 ea
478 2517 559 2556 mens
571 2496 728 2574 Chrysippi
741 2508 770 2555 et
783 2498 891 2571 oratio,
911 2516 972 2556 uon
987 2497 1115 2556 Thaletis
1129 2497 1255 2556 hominis
1266 2495 1423 2570 mitissimi3

350 2609 444 2666 neque
454 2591 529 2649 senis
540 2591 616 2647 illius
626 2608 720 2665 prope
728 2591 901 2648 melliferum
913 2601 1043 2649 montem
1052 2593 1220 2667 Hymettum
1229 2589 1304 2660 nati,
1318 2608 1422 2664 nempe

350 2683 491 2754 Socratis,
505 2683 556 2759 qui
567 2682 724 2740 accusatori
733 2701 786 2740 suo
798 2683 968 2759 particulam
978 2682 1084 2740 veneni
1093 2724 1101 2754 ,
1116 2701 1176 2758 quo
1190 2681 1222 2738 in
1232 2681 1299 2738 diro
1309 2699 1423 2738 carcere

351 2775 508 2834 exstinctus
521 2785 580 2846 est,
592 2773 692 2851 largiri
702 2775 849 2832 noluisset.
867 2777 918 2833 Est
928 2775 984 2834 hoc
997 2774 1187 2851 philosophiae
1198 2773 1307 2831 scilicet
1316 2773 1426 2831 benefi-

351 2867 442 2938 cium,
454 2885 518 2944 qut
528 2885 586 2924 una
596 2867 644 2924 rel
654 2866 777 2924 maxime
789 2867 901 2925 confert
909 2867 946 2925 ad
954 2866 1037 2924 beate
1045 2866 1221 2938 vivendum,
1234 2875 1268 2922 ut
1279 2885 1343 2941 quae
1357 2875 1427 2922 sunt

352 2969 431 3018 recta
444 2959 547 3017 doceat
559 2957 704 3031 homiues,
721 2970 796 3016 etex
813 2959 931 3017 illorum
942 2958 1044 3018 animis
1058 2957 1197 3017 vitiorum
1211 2959 1315 3016 sensim
1332 2969 1362 3016 et
1376 2977 1428 3014 cr-

352 3071 454 3111 rorum
467 3051 599 3109 omnium
616 3049 703 3109 libras
719 3052 854 3128 extirpet.
870 3056 992 3110 Auseae
1006 3071 1092 3128 quum
1106 3051 1284 3108 imbecillum
1295 3049 1428 3106 animum

353 3144 524 3218 etpusillum
531 3161 645 3218 semper
651 3155 754 3219 arguat
762 3144 1084 3220 voluptasultiouis,vel
1093 3162 1129 3201 ex
1139 3163 1174 3202 eo
1182 3143 1263 3200 facile
1271 3143 1429 3220 intelliges,

353 3236 433 3311 quod
444 3235 771 3310 hujusmodivoluptate
782 3237 917 3294 mulieres
924 3237 1105 3312 potissimum
1118 3235 1271 3294 ducantur.
1283 3236 1362 3292 Cave
1380 3246 1427 3292 ta-

352 3347 419 3385 men
428 3339 510 3403 putes
520 3324 667 3404 flagitiosis
676 3328 794 3403 impune
806 3347 864 3386 esse
873 3350 880 3384 :
890 3329 1080 3386 domesticum
1089 3328 1132 3385 illi
1142 3338 1284 3385 tortorem
1298 3327 1426 3397 hahent,

352 3443 369 3480 a
385 3441 443 3497 quo
455 3421 532 3477 intus
548 3421 720 3496 plectantur,
732 3431 972 3498 nempemeutem
988 3441 1065 3479 ream
1079 3432 1108 3478 et
1122 3420 1237 3478 sceleris
1251 3420 1428 3476 couscientia

352 3514 509 3590 trepidam,
524 3531 587 3589 quae
600 3531 713 3589 semper
727 3525 755 3570 et
766 3511 904 3572 indefessa
919 3513 1014 3572 surdis
1029 3513 1133 3591 flagelli
1148 3511 1324 3569 verberibus
1335 3512 1430 3568 lania-

354 3619 400 3669 tos
411 3607 504 3684 quatit
516 3618 545 3664 et
556 3605 649 3664 caedit.
665 3607 769 3676 Nulla,
784 3605 856 3662 mihi
871 3607 973 3678 crede,
988 3625 1072 3682 poena
1083 3604 1200 3682 gravior
1209 3604 1246 3660 ah
1258 3605 1352 3662 atroci
1367 3605 1429 3661 Ce-

354 3701 444 3774 ditio,
458 3703 506 3759 rel
522 3718 626 3758 severo
641 3699 860 3758 Rhadamantho
874 3700 1033 3777 excogitata
1045 3717 1174 3774 unquam
1189 3699 1258 3768 fuit,
1276 3717 1364 3772 quam
1376 3717 1430 3774 gc·

355 3811 420 3850 rere
437 3793 468 3848 iu
485 3793 549 3850 sinu
564 3812 616 3851 suo
631 3804 732 3850 testem
745 3793 790 3851 sui
809 3791 939 3865 sceleris,
963 3791 1014 3870 qui
1030 3791 1082 3850 diu
1094 3803 1239 3866 noctuque
1253 3790 1327 3848 illud
1340 3791 1430 3848 uobis

357 3883 476 3959 objiciat
491 3884 680 3962 intentetque.

399 3994 463 4052 199.
484 3975 715 4035 lacedaemonius
730 3976 848 4053 quidam
869 3975 1015 4053 cogitabat
1032 3974 1195 4050 depositum
1213 3972 1293 4048 apud
1310 3991 1340 4029 se
1355 3971 1429 4030 reti-

356 4085 445 4138 nere,
458 4085 491 4122 ac
505 4066 677 4144 interposito
692 4069 776 4128 etiam
786 4067 977 4144 jurejurando
991 4068 1152 4144 abnegare:
1170 4065 1321 4124 oraculum
1335 4065 1429 4140 Apol-

356 4159 422 4217 linis
436 4157 595 4232 consuluit,
605 4160 735 4238 quaesivit
748 4161 820 4242 quid
831 4171 958 4220 censeret
971 4159 1108 4231 Phoebus,
1122 4177 1159 4216 aa
1170 4157 1202 4217 id
1209 4156 1303 4217 facere
1316 4173 1428 4234 appro-
