3074 4990
447 458 636 524 stultit
656 459 808 523 NONA.
1122 480 1157 521 rr

122 573 195 645 Utile
209 557 377 645 consilium
391 573 512 657 modo,
526 571 585 640 sed
604 595 800 660 commune,
817 573 960 643 dedisti:

118 688 203 754 Nunc
218 683 297 754 mihi
314 683 395 777 quid
416 681 534 752 suades
547 696 624 776 post
640 681 801 752 damnum
818 683 997 776 temporis,
1014 697 1048 750 et
1062 703 1137 774 spes

118 793 286 890 Deceptus?
298 792 436 862 festinat
453 793 545 861 enim
561 793 740 862 decurrere
754 790 853 860 velox
1112 807 1161 858 ηδ

116 903 281 989 eruentus,
298 917 447 997 angustae
462 903 662 998 miseraeque
682 901 878 972 brevissima
893 900 970 970 vitre

117 1014 216 1081 Portio
229 1039 236 1080 :
249 1012 328 1081 dum
343 1012 502 1099 bibimus,
517 1011 599 1081 dum
613 1027 719 1098 serta,
734 1025 927 1106 unguenta,
941 1008 1067 1104 puellas

116 1123 283 1210 Poscimus,
298 1123 431 1217 obrepit
446 1147 517 1192 non
534 1122 701 1193 intellecta
716 1124 877 1191 senectus.

504 1283 752 1330 iuventtis

154 1383 201 1450 Ne
214 1380 365 1476 trepida:
381 1405 566 1475 numquam
583 1382 736 1476 pathicus
750 1383 812 1452 tibi
827 1383 934 1452 deerit
947 1380 1089 1463 amicus,
1118 1393 1167 1447 130

115 1493 266 1562 stantibus
283 1508 319 1561 et
335 1491 434 1562 salvis
449 1493 502 1561 his
516 1491 672 1582 collibus3
689 1493 839 1588 undique
854 1491 897 1561 ad
912 1491 985 1562 illos

115 1603 315 1672 Conuenient
332 1618 365 1672 et
378 1602 545 1698 carpentis
562 1618 596 1672 et
610 1605 751 1674 navibus
764 1630 899 1694 omnes,

115 1711 175 1798 Qui
186 1712 289 1806 digito
302 1711 458 1808 scalpunt
471 1739 542 1782 uno
559 1730 671 1808 caput.
688 1714 803 1784 Altera
819 1713 927 1807 major

113 1823 184 1914 Spes
202 1839 369 1916 superest:
387 1837 423 1892 tu
438 1837 570 1894 tantum
587 1825 697 1894 erucis
715 1823 874 1919 imprime
888 1823 1033 1891 dentem.

525 1980 733 2028 NAEvoLus

30 2099 31 2110 ³
114 2079 187 2146 Ilaec
197 2075 346 2172 exempla
361 2100 443 2172 para
457 2075 613 2146 felicibus
628 2103 635 2145 :
650 2091 685 2146 at
700 2101 774 2146 mea
788 2076 912 2148 Clotho
1122 2092 1170 2146 135

30 2267 31 2278 ,
111 2189 149 2254 Et
159 2186 312 2256 Lachesis
327 2185 494 2280 gaudent,
508 2187 537 2256 si
553 2188 701 2282 pascitur
713 2188 852 2281 inguine
871 2203 1000 2257 venter.

113 2296 241 2391 Oparvi
256 2297 433 2388 nostrique
447 2299 570 2383 Lares,
587 2321 672 2391 quos
687 2297 785 2366 thure
799 2297 947 2381 minuto,

111 2564 203 2602 vorum
217 2547 332 2622 linguas
345 2563 480 2622 spernere
495 2566 503 2600 ι
518 2563 620 2600 verum
635 2541 665 2598 id
677 2541 812 2599 omnibus
826 2561 979 2600 commune
990 2561 1022 2599 ac
1036 2543 1107 2600 utile
1122 2553 1173 2600 est.

31 2667 32 2670 ¹
113 2637 182 2706 Quid
196 2637 268 2694 mihi
282 2656 394 2712 quaeso,
416 2636 536 2714 proprie
555 2635 720 2692 iaciendum
738 2655 815 2692 nuno
833 2636 950 2694 censes?
966 2638 1102 2712 Magnam
1117 2655 1173 2712 op-

110 2728 164 2784 timi
173 2730 314 2806 temporis
320 2729 462 2804 jacturam
469 2727 623 2786 serviendo
632 2727 754 2784 Virroni
763 2727 833 2784 feci:
843 2727 941 2784 inanes
950 2727 1104 2802 irritasque
1112 2747 1176 2802 spes

31 2835 32 2874 l
113 2839 180 2876 meas
189 2821 333 2878 excidisse
340 2820 442 2891 video;
453 2819 546 2878 effluit
558 2820 636 2877 enim
645 2821 750 2878 sensim
759 2820 835 2892 vitu,
845 2830 875 2876 et
887 2818 968 2878 floris
978 2820 1068 2876 instar
1079 2821 1177 2878 multis

113 2915 237 2972 emmuis
249 2914 351 2970 attrita
365 2912 529 2984 marcescit;
544 2911 613 2968 dum
628 2923 777 2988 potamus,
791 2911 862 2968 dum
872 2910 955 2967 sertis
968 2910 1113 2981 coronati,
1126 2911 1179 2970 de-

112 3005 188 3062 libuti
200 3006 373 3086 unguentis,
390 3005 494 3082 puellis
514 3025 632 3082 operam
646 3005 759 3076 damus,
773 3004 853 3060 lento
868 3003 961 3080 gradu
973 3013 1104 3062 senectus
1124 3021 1178 3062 nec

112 3099 237 3172 opinatos
249 3097 379 3156 invadit..
1104 3091 1107 3100 Ι

149 3191 210 3249 130.
230 3210 299 3248 ror.
321 3192 365 3247 Ne
382 3190 510 3248 animum
530 3188 700 3264 desponde:
716 3187 856 3264 quamdin
876 3189 969 3244 Roma
991 3188 1036 3244 bis
1056 3188 1178 3246 collibus

112 3283 207 3354 stabit,
222 3293 254 3340 et
269 3281 377 3340 florens
389 3283 542 3358 supererit,
560 3301 718 3357 numquam
732 3281 855 3338 deerunt
869 3280 991 3357 pathici,
1008 3301 1081 3356 quos
1100 3291 1132 3338 tn
1150 3294 1180 3338 et

112 3375 211 3432 similes
227 3375 274 3432 tui
289 3376 489 3452 corrumpetis.
505 3376 569 3432 Huc
583 3376 660 3432 enim
674 3394 787 3449 semper
801 3393 836 3432 ex
857 3374 992 3432 omnibus
1011 3375 1180 3451 regionibus

112 3467 291 3538 convenient,
303 3479 353 3524 aut
361 3467 502 3538 terrestri,
515 3477 564 3522 eut
575 3467 720 3524 maritimo
731 3467 844 3539 itinere,
852 3465 1007 3524 effeminati
1018 3467 1061 3522 illi
1070 3485 1179 3534 omnes,

112 3560 158 3634 qui
172 3579 232 3618 uno
250 3571 363 3616 tantum
380 3560 474 3637 digito
489 3571 576 3635 caput
589 3562 737 3636 scalpunt,
753 3578 791 3616 ue
811 3557 907 3634 capilli
923 3569 985 3616 arte
998 3559 1180 3616 calamistrati

113 3654 274 3711 turbentur.
288 3659 367 3732 Age,
381 3673 445 3729 spes
458 3653 549 3710 futuri
568 3653 706 3728 temporis
720 3653 807 3728 longe
820 3651 915 3725 major
929 3663 958 3708 et
971 3651 1074 3708 melior
1094 3671 1179 3727 quarn

112 3748 249 3818 preteriti
262 3747 315 3802 tihi
329 3758 478 3822 superest:
491 3757 523 3803 tu
535 3757 646 3802 tantum
658 3745 762 3800 herbas
775 3745 879 3802 salaces
892 3745 1029 3820 comede,
1044 3757 1130 3820 teque
1144 3745 1181 3803 nd

112 3837 260 3896 libidinem
276 3839 435 3895 exstimula.

151 3931 217 3988 135.
240 3949 315 3986 rtur.
336 3933 479 4005 Praecepta
494 3930 554 3986 haec
568 3930 613 3987 ser
626 3931 682 3988 illis
697 3930 748 4005 qui
763 3949 809 3987 rne
824 3929 967 3988 feliciores
981 3943 1065 4002 sunt;
1079 3944 1109 3989 at
1120 3932 1180 3991 sus-

34 4075 35 4092 ,
112 4019 169 4077 ficit
181 4041 249 4080 meo
264 4022 337 4094 lato,
349 4033 378 4079 et
390 4014 500 4092 Parce,
519 4041 588 4080 meae
603 4023 669 4079 vitae
680 4022 828 4097 presides,
840 4022 945 4098 jubent
955 4041 1001 4079 me
1012 4035 1181 4082 contentum

112 4121 185 4173 esse,
201 4104 227 4160 si
251 4113 367 4160 tenuem
380 4103 489 4160 rictum
504 4102 630 4178 inguinis
644 4102 784 4159 industria
800 4102 873 4159 mibi
888 4122 1054 4178 comparare
1065 4106 1180 4179 possim.

113 4197 138 4252 0
159 4197 220 4253 mei
237 4198 336 4268 Lares,
351 4215 370 4253 o
385 4195 479 4252 tennis
493 4195 605 4252 familie
621 4193 752 4252 custodes
772 4195 839 4265 Dei,
854 4213 927 4268 qnos
947 4214 1035 4269 parco
1052 4197 1136 4253 thure
1148 4215 1180 4252 ac
