3030 4984
344 389 531 457 sortus
552 385 749 455 DECIMA
771 387 971 456 Tenum.
1106 387 1168 456 255

161 501 285 576 Mobilis
296 518 330 573 et
343 503 436 572 varia
451 518 500 573 est
512 501 618 572 ferme
633 517 754 574 natura
769 503 946 575 malorum.

122 618 218 704 Quum
233 612 338 684 scelus
355 612 552 701 admittunt,
570 627 721 710 superest
738 615 949 686 constantie:
966 611 1049 710 quid
1063 613 1113 685 lus

119 730 214 820 Atque
229 723 337 811 nelos,
357 721 493 793 tandem
511 723 678 818 incipiunt
692 725 815 794 sentire
832 725 976 820 peractis

119 833 323 922 Criminibus;
343 849 457 905 tamen
473 832 516 902 ad
532 857 642 904 mores
658 849 780 905 natura
796 836 941 904 recurrit

117 949 301 1031 Damnatos,
315 944 381 1013 fixa
395 959 428 1013 et
443 945 566 1013 mutari
581 945 713 1014 nescio:
731 967 810 1014 nam
826 945 901 1038 quis
1122 965 1171 1022 240

118 1053 265 1125 Peccandi
279 1054 382 1124 linem
397 1055 510 1149 posuit
525 1052 613 1124 sibi?
630 1053 766 1152 quando
784 1053 912 1150 recepit

116 1167 255 1259 Ejectum
273 1163 375 1234 semel
392 1164 514 1232 adtrita
529 1163 572 1232 de
589 1162 701 1233 fronte
718 1161 900 1232 ruborem?

115 1275 261 1363 Quisnam
278 1275 454 1344 hominum
471 1287 535 1350 est,
551 1297 653 1366 quem
666 1287 703 1343 tu
717 1273 913 1344 'contentum
928 1271 1049 1342 videris
1066 1295 1135 1342 uno
1233 1257 1237 1268 ’

115 1381 261 1476 Flagitio?
276 1382 371 1451 dabit
386 1383 421 1451 in
438 1382 593 1477 laqueum
606 1384 745 1477 vestigia
760 1396 875 1452 noster

114 1493 264 1583 Perfidus,
284 1507 318 1562 et
334 1493 424 1586 nigri
441 1494 591 1588 patietur
606 1495 750 1564 carceris
767 1517 912 1581 uncum,
1120 1503 1170 1569 24⁵

111 1605 170 1674 Aut
185 1603 282 1672 maris
296 1603 402 1698 AEgaei
417 1627 534 1698 rupem
551 1602 773 1698 scopulosque
786 1599 976 1698 frequentes
1042 1620 1047 1630 ·

110 1713 272 1784 Exsulibus
289 1715 443 1808 magnis:
464 1739 564 1810 poena
581 1713 741 1810 gaudebis
758 1736 872 1784 amare

112 1824 252 1894 Nominis
268 1823 384 1911 invisi,
403 1822 603 1918 tandemque
621 1823 768 1896 fatebere
785 1822 892 1912 letus,

111 1935 170 2004 Nec
183 1933 337 2020 surdum,
355 1957 419 2002 nec
435 1935 598 2003 Tiresiam
614 1957 816 2030 quemquam
834 1956 905 2002 esse
921 1933 1085 2000 Deorum.

143 2129 201 2189 2³6.
222 2133 363 2189 Naturam
378 2129 582 2206 improborum
596 2129 680 2202 vide,
698 2150 824 2207 quorum
838 2139 948 2186 mentes
960 2128 1047 2186 varim
1056 2147 1170 2206 semper

109 2235 132 2282 et
138 2223 282 2281 mutabiles
297 2246 304 2282 :
319 2222 376 2280 illis
388 2223 460 2279 nihil
473 2235 516 2280 est
527 2222 662 2280 audacius
675 2242 707 2278 sc
718 2221 917 2289 deliberatius,
933 2239 1022 2296 quum
1033 2233 1169 2298 pecorum

108 2327 247 2390 postquam
259 2327 431 2391 peccarunt,
453 2327 521 2373 tuuc
539 2326 635 2385 metu,
655 2315 786 2390 pudore,
808 2312 977 2389 poenitentiu
991 2313 1168 2388 perturban-

107 2417 165 2480 tur,
182 2420 210 2464 et
227 2408 295 2482 quid
312 2407 351 2464 sit
370 2407 508 2464 virtutem
526 2407 602 2464 inter
620 2427 653 2464 sc
669 2406 773 2464 vitium
792 2403 982 2476 discriminis,
998 2414 1166 2481 agnoscunt.

106 2499 289 2558 Nihilominus
299 2501 338 2557 ad
352 2499 451 2556 eadem
466 2497 573 2578 degitis
590 2519 653 2576 quae
663 2499 944 2568 condemnaverunt,
958 2497 1165 2570 revolvuntur,

16 2565 20 2660 i
104 2603 204 2647 natum
217 2592 343 2668 quodam
361 2592 473 2667 impetu
489 2591 677 2650 inveteratam
695 2591 834 2648 servantis
856 2587 1094 2648 consuetudinem
1105 2589 1124 2659 ,Ἰ
1137 2601 1166 2647 et

106 2701 200 2756 pravos
215 2702 312 2741 mores
326 2683 475 2742 dediscere
488 2685 648 2742 nescientis.
668 2685 783 2755 Quotus
798 2683 876 2741 enim
891 2681 1013 2759 quisque
1028 2693 1120 2739 certos
1133 2681 1165 2738 lu

107 2779 240 2852 peresum
259 2778 365 2836 limites
380 2777 634 2854 prescripsitsibi,
654 2796 728 2852 quos
745 2778 822 2836 ultro
840 2795 902 2838 uon
915 2773 1166 2853 progrederetur?

107 2869 171 2940 Quis
183 2882 295 2931 exutum
308 2873 395 2932 semel
409 2870 614 2932 verecundiam
627 2870 723 2930 induit
740 2889 869 2942 rursum,
884 2888 918 2930 oc
935 2869 967 2929 iu
980 2869 1108 2931 frontem
1121 2877 1165 2923 at-

107 2961 189 3018 tritam
201 2963 370 3022 rerocavit?
382 2964 455 3036 Quis
466 2983 525 3024 uuo
537 2974 649 3024 tantum
660 2965 768 3022 scelere
780 2973 934 3025 contentus
945 2961 1019 3020 suit?
1030 2960 1165 3034 Perjurus

106 3050 147 3110 ille
159 3055 262 3114 amicus
276 3069 357 3127 tuus,
378 3055 435 3112 ulio
449 3056 548 3133 aliquo
562 3059 669 3115 scelere
683 3057 860 3133 implicatus,
879 3057 984 3132 laqueo
1002 3054 1165 3131 deprehen·

108 3143 194 3220 detur,
208 3169 240 3206 ac
254 3150 361 3208 merito
375 3149 517 3228 supplicio
531 3149 704 3210 muctabitur
719 3173 726 3208 :
742 3151 788 3208 vel
803 3149 964 3231 abripietur
976 3149 1007 3205 in
1020 3165 1163 3205 carcerem

108 3237 226 3314 tigrum,
238 3243 282 3299 ibi
293 3262 370 3299 unco
379 3241 565 3314 vinciendum
577 3244 624 3302 rel
636 3243 666 3311 iu
677 3243 796 3306 exilium
806 3243 1017 3312 emendabitur,
1032 3259 1085 3316 per
1099 3259 1164 3297 soo-

106 3332 193 3406 pulum
202 3335 284 3412 AEgei
293 3335 380 3394 meris
388 3335 514 3411 aliquem
528 3336 604 3394 exiis
616 3337 653 3394 sd
663 3356 737 3414 quos
749 3337 851 3396 fumosi
859 3338 956 3394 exules
963 3335 1162 3418 deportantur.

104 3425 175 3484 lllius
185 3428 404 3489 inrisihominis
417 3429 565 3488 crudelem
581 3429 739 3489 cruciatum
748 3431 827 3490 lator
843 3429 992 3506 adspicies,
1001 3448 1034 3484 ac
1044 3424 1161 3486 taudem

104 3517 217 3670 ggugtur
231 3523 346 3582 nullum
361 3521 438 3582 iuter
455 3521 527 3582 deos
542 3522 681 3594 crudum,
696 3534 725 3582 et
737 3541 857 3596 mum,
871 3533 905 3583 ut
925 3520 1083 3591 Timum,
1102 3533 1164 3576 em

137 3619 147 3664 t
196 3611 241 3671 ris.
