3074 4990
383 430 435 494 IN
460 429 692 496 SATIIIAM
715 433 746 496 N
755 433 911 499 ONAM.
1143 439 1185 524 39

105 549 216 590 ctnmno
231 541 343 614 obrepit
351 543 481 615 hyems,·
494 543 580 597 Lucil.
595 543 622 595 in
633 547 730 604 AEtna.
744 565 782 598 rs.
797 547 874 617 237.¹
887 553 980 618 usipus
993 549 1164 620 ἐπερχόμινον,
1176 577 1187 596 n

103 621 200 686 Solon,
211 623 293 696 Epig.
312 626 396 692 XIII,
412 645 457 691 10,
474 641 500 680 et
510 629 558 678 «Τὸ
572 625 596 678 d'
608 628 727 701 ἀργπλέον
743 629 784 682 καὶ
796 631 902 703 ἄμορφον
916 638 993 704 γῆρας
1006 635 1065 706 ὑπὲρ
1078 642 1185 704 ratpoti:

103 706 183 772 ιύτίχ·
192 709 414 780 sarmatam,-
427 712 579 765 Mimnerm.
593 713 643 776 IV,
660 720 690 778 4,
703 714 731 766 in
742 715 818 767 Anal.
832 716 947 768 Brunclc
960 730 1023 772 tom.
1034 718 1062 780 I,
1078 737 1139 790 pag.
1151 722 1182 772 61

103 801 128 840 et
138 808 181 858 70·
193 790 296 844 Confer
307 795 409 847 Auson.
420 795 500 867 Epig.
514 796 600 862 XIII,
616 797 664 848 ubi
674 799 756 852 etiam
766 801 848 854 verba
858 801 875 852 J
876 800 997 854 uvenalia
1007 802 1187 876 transcripsit

136 947 209 996 Van.
232 951 292 998 130.
311 951 412 1000 Patiens
429 969 567 1016 nunquam,
587 971 627 1004 ao.
648 957 747 1004 Peticus
765 957 924 1007 scribendum
941 959 1044 1022 putabat
1057 963 1088 1009 Η.
1102 962 1185 1010 Vales.

103 1039 130 1076 nt
145 1031 178 1078 sit
195 1035 267 1095 quasi
278 1048 386 1099 patens,
400 1038 516 1101 patulus,
531 1038 642 1086 cinaedus
657 1038 840 1108 εὐρύπρωκτος,
856 1039 1057 1110 λακκόπρωκτος,
1076 1044 1143 1093 unde
1160 1045 1188 1093 in

105 1115 228 1179 Priapeiis
239 1135 286 1166 nee
298 1119 344 1168 cibi
353 1131 421 1168 tener
428 1137 494 1186 puer
506 1121 601 1184 patebit
611 1123 674 1170 ultus
685 1134 709 1170 et
717 1123 758 1188 qui
770 1124 896 1192 (cunnus)
912 1136 982 1173 tanto
996 1137 1064 1191 petet
1073 1127 1189 1176 indecem

103 1196 173 1245 biatu
186 1211 210 1247 et
223 1201 254 1248 al.
271 1201 322 1250 Sed
329 1203 444 1268 pathicus
455 1204 553 1251 ridetur
562 1205 646 1269 potius
657 1221 708 1253 esse
721 1203 895 1274 palmiciam
905 1208 957 1256 haec
970 1226 1021 1258 vox
1034 1226 1087 1260 non
1100 1212 1128 1258 in
1139 1227 1187 1260 usu

102 1282 182 1348 tuit),
194 1285 240 1346 qni
251 1285 374 1334 muliebre
387 1286 487 1350 patitnr,
500 1284 609 1350 πάσχει,
624 1287 709 1350 natat,
723 1287 887 1339 παθικιὺεται.

139 1375 213 1428 Nor.
234 1379 382 1442 rso-134.
403 1378 560 1450 Respondet
579 1393 660 1453 poeta
679 1394 705 1434 et
723 1381 833 1452 quidem
851 1383 951 1448 facete,
968 1397 1031 1456 apte
1047 1387 1189 1439 consolans

104 1455 241 1510 drauonm
250 1473 277 1512 et
286 1461 433 1514 exhortans
442 1460 478 1513 ad
488 1461 705 1534 persequendum
714 1466 834 1516 eumdem
844 1465 905 1518 vitae
915 1484 1031 1518 cursum.
1041 1469 1080 1518 Ne
1087 1471 1189 1534 trepida,

105 1558 160 1592 uon
175 1553 216 1592 est
228 1541 304 1612 quod
318 1544 413 1595 anxius
428 1543 464 1596 sis
478 1544 653 1616 animumque
665 1543 844 1618 despondeas.
856 1549 957 1598 Amicus
967 1549 1098 1614 pathicus,
1108 1549 1188 1602 cinae·

105 1620 176 1686 dus,
190 1644 206 1676 a
217 1638 245 1678 te
256 1624 360 1680 drauco
372 1629 512 1700 corrumpi
523 1629 643 1700 cupiens.

142 1718 215 1769 Nor.
236 1720 293 1772 131.
311 1724 436 1772 stantibus
447 1736 471 1773 ee
480 1725 555 1774 salvis
565 1725 603 1774 lis
616 1725 726 1786 collibus,
743 1722 873 1796 quamdiu
884 1727 971 1778 Roma
983 1738 1115 1798 superstes
1124 1726 1188 1790 erit;

105 1797 172 1853 ride
188 1800 225 1854 ad
241 1803 295 1862 vl,
310 1809 369 1872 296.
386 1835 422 1845 -
442 1808 533 1858 Romae
553 1807 636 1859 colles
650 1820 712 1860 sunt
725 1809 881 1876 Palatinus,
895 1811 1056 1876 Aventinus,
1070 1811 1191 1884 Esquili-

105 1903 172 1948 nus,
188 1885 352 1950 Quirinalis,
364 1887 480 1956 Coelius,
492 1889 651 1955 viminalis,
662 1892 812 1962 Tarpeius,
825 1894 910 1964 quiet
924 1894 1102 1966 Capitolinus.
1121 1896 1190 1950 Sunt

102 1987 173 2020 sero
185 1981 312 2040 praterea
321 1973 337 2023 J
341 1971 464 2024 aniculus
476 1985 502 2024 et
512 1973 671 2028 Vaticanus.
683 1975 801 2028 Martial.
812 1976 906 2049 Epigr.
919 1978 970 2044 1v,
983 1980 1034 2041 64:

295 2083 354 2128 ffino
362 2091 450 2144 septem
460 2082 567 2130 dominos
573 2083 653 2129 eldera
661 2092 765 2138 montes,

296 2158 325 2202 Et
335 2165 407 2204 totam
418 2157 472 2204 licet
480 2160 591 2204 aeafimare
600 2159 705 2206 Romam.
1127 2162 1172 2206 Ro.

136 2303 209 2350 Vn.
231 2304 292 2351 132.
313 2302 478 2362 Conveniunt,
493 2320 539 2366 ιο,
552 2321 593 2366 11,
608 2321 654 2366 aa,
669 2305 781 2363 14-25,
793 2321 836 2367 η,
851 2305 969 2365 45-50,
984 2305 1187 2368 54-69,71-

104 2395 152 2446 7⁴,
165 2403 212 2447 77,
225 2397 252 2434 et
262 2387 334 2435 multi
342 2388 423 2438 Codd.
436 2389 513 2437 Paris.

136 2481 211 2534 Nor.
227 2481 287 2534 132.
297 2487 330 2531 Ee
337 2486 460 2550 carpentis
468 2499 494 2535 et
500 2486 616 2549 navibus,
627 2495 654 2536 et
666 2495 737 2535 terra
751 2493 779 2534 et
792 2481 875 2546 mari,
887 2483 1007 2550 undique,
1019 2483 1055 2532 ab
1065 2482 1191 2534 omuibus

104 2563 178 2614 orbis
188 2575 324 2616 terrarum
334 2567 458 2636 partibus
472 2579 498 2619 et
508 2567 591 2633 locis,
608 2567 703 2619 molles
715 2578 861 2638 turpesque
869 2565 993 2618 homines
1003 2567 1117 2618 Romam
1128 2586 1192 2620 con·

103 2648 209 2716 fluunt,
222 2663 355 2722 tanquam
371 2651 408 2704 ad
419 2653 570 2724 emporium
585 2651 739 2704 libidinum.
754 2659 838 2710 Διινῶς
850 2665 877 2703 et
889 2651 966 2706 rere!

136 2749 212 2800 Nor.
235 2749 296 2802 133.
318 2751 368 2816 Qui
380 2752 456 2818 digito
471 2753 587 2817 scalprum
598 2769 646 2799 uno
664 2761 750 2817 capre,
769 2748 881 2811 molles,
900 2749 1051 2802 eiieminati
1070 2767 1102 2802 ac
1120 2750 1190 2804 bene

101 2831 202 2895 conati,
216 2833 283 2903 qui,
295 2831 317 2883 si
330 2844 412 2904 caput
427 2833 529 2903 prurit,
542 2852 596 2885 uno
613 2843 719 2884 tantum
731 2830 818 2902 digito
833 2830 903 2884 illud
917 2834 1027 2885 scabere
1037 2833 1142 2899 solent,
1156 2853 1191 2888 ne

103 2916 199 2986 capilli
215 2929 282 2987 apte
300 2917 445 2987 compositi
461 2929 541 2987 atque
553 2915 728 2968 calamistrati
740 2917 891 2968 turbentur.
903 2916 945 2970 sic
961 2916 1096 2970 Lucienus
1107 2916 1190 2984 dixit,

103 3006 164 3068 «Τῷ
179 2997 298 3070 δακτύλῳ
308 2999 375 3070 ἄκρῳ
385 3001 427 3056 τὴν
440 3001 545 3068 κεφαλὴν
555 3003 656 3066 zuiualat
664 3037 672 3060 ‚
681 3024 692 3044 ι
705 3010 732 3050 et
742 2999 884 3052 ·Relatum
895 2997 932 3052 ad
945 3012 1027 3071 caput
1040 2997 1169 3070 digitum,
1178 3027 1189 3048 a

102 3081 198 3135 Sento.
209 3080 300 3153 Epist.
318 3081 360 3135 52.
377 3080 412 3133 Id
425 3083 454 3134 in
465 3083 594 3155 Pompeio
607 3081 780 3154 potissimum
791 3095 921 3135 notarunt
934 3082 1034 3137 Calvus
1049 3081 1130 3155 posia
1144 3103 1188 3156 ap.

103 3167 199 3220 sarae.
212 3167 345 3220 Controv.
356 3167 416 3230 111,
434 3185 480 3236 193
495 3168 568 3220 Plut.
586 3167 620 3218 in·
630 3168 724 3237 Pomp.
736 3183 794 3237 cap.
808 3167 855 3231 483
871 3167 944 3238 Opp.
958 3169 1064 3228 tom-1,
1077 3187 1105 3239 p.
1120 3169 1186 3232 64⁵3

104 3261 172 3300 torm
183 3249 225 3311 Il,
237 3267 301 3320 pag.
312 3248 360 3316 89;
375 3250 407 3302 E.
419 3247 462 3302 ed.
473 3249 599 3303 Francos.
610 3261 637 3302 et
646 3248 777 3302 Ammian.
790 3249 913 3304 Marcell.
930 3250 980 3303 lib.
996 3249 1094 3316 XVII,
1107 3270 1150 3314 rr,
1163 3259 1189 3315 4.

105 3332 189 3384 Coos.
200 3334 345 3404 Spanhem.
360 3331 395 3385 ad
409 3333 511 3386 Iulian.
527 3334 605 3386 Cass.
623 3351 685 3404 pag.
701 3350 760 3402 ¹7¹·

145 3429 218 3482 Nor.
237 3431 296 3492 134.
317 3435 375 3496 Spes
387 3433 479 3492 altera,
494 3429 579 3483 futuri
591 3428 737 3500 temporis,
751 3428 831 3500 longe
842 3431 923 3497 major
935 3441 1045 3496 superest
1057 3428 1116 3480 tibi.
1128 3429 1189 3482 Vet

104 3511 205 3566 schol.
215 3537 226 3558 ι
234 3513 337 3566 Multos
349 3513 483 3567 imberba!
492 3515 578 3567 habes
592 3514 643 3567 tihi
657 3526 832 3568 crescentes.»
845 3517 880 3564 Tu
889 3527 982 3564 tantum
992 3515 1070 3564 erucis
1081 3516 1192 3580 imprime

105 3601 221 3660 donem,
231 3624 242 3644 ι
249 3597 372 3671 lepidum
380 3598 523 3653 consilium
533 3619 540 3653 :
551 3597 663 3654 comede
672 3599 781 3663 herbas,
791 3597 827 3651 ad
837 3599 970 3650 Venerem
980 3597 1190 3662 exstimulantes,

105 3694 136 3734 nt
150 3683 230 3734 fortis
244 3681 280 3735 sis
292 3694 320 3735 et
334 3695 446 3754 paratus
460 3683 494 3737 ad
510 3683 655 3737 libidinem
668 3682 855 3737 exercendam.
871 3681 946 3734 Talis
960 3681 1045 3735 herba
1061 3695 1101 3736 eat
1116 3683 1190 3737 salax

103 3786 181 3818 enea
194 3768 309 3835 (misser
319 3768 427 3836 Sens).²

537 3891 769 3912 §ssmm

144 4039 154 4064 ¹
175 4031 248 4091 Non,
258 4032 316 4096 qnia
326 4041 442 4080 senectus
455 4031 628 4081 ethominiset
673 4033 742 4081 Post.
755 4029 834 4078 Latin.
853 4030 915 4078 min.
931 4032 1114 4096 tom.1V,pag.
1132 4034 1189 4081 1³8.

108 4115 170 4160 anni
178 4109 297 4177 (hyems)
305 4112 377 4176 nigra
386 4127 415 4159 ac
423 4111 493 4159 tarda
501 4121 551 4172 est,
560 4111 629 4174 qnod
710 4117 722 4142 ²
740 4112 780 4160 De
789 4127 838 4174 qna
845 4110 902 4160 ride
911 4109 1006 4159 Colum.
1016 4111 1050 4168 X,
1065 4113 1122 4170 108,
1132 4128 1191 4174 109,

110 4191 143 4239 ad
160 4191 241 4240 hail.
259 4191 303 4241 lib.
318 4195 344 4252 1,
357 4192 455 4240 monuit
472 4191 628 4242 Wernsdori.
676 4192 740 4251 37²,
753 4189 827 4238 Orid.
838 4189 908 4238 Rern.
919 4188 1023 4238 Amas.
1036 4204 1097 4252 7995
1108 4190 1191 4236 Bnrrn.
