3036 4984
297 635 545 724 SATIRAE
575 633 922 726 UNDECIMAE

444 813 776 874 ARGUMENTUM.

297 1024 375 1076 Lauta
387 1024 545 1090 reprobamus
554 1025 681 1085 convivia,
694 1040 767 1088 parca
777 1023 921 1089 probamus.

132 1114 199 1160 Lauta
209 1109 396 1174 reprendantur
410 1108 456 1175 (al.
471 1105 694 1174 reprehenduntur)
706 1107 833 1167 convivia,
846 1121 919 1170 parca
932 1107 1077 1172 probantur.
1099 1165 1104 1184 Ι

119 1304 208 1338 luxus·
219 1315 256 1325 ·-·
271 1303 310 1338 D!
325 1281 661 1338 COHHRA'HOH'VICTUS.
676 1311 712 1322 -·
724 1298 757 1336 u
771 1299 942 1336 Luxutttosoe
956 1301 988 1336 Π
999 1300 1115 1338 culm-

397 1385 435 1420 ss)
447 1385 586 1420 russeum
600 1383 719 1420 amcam
731 1383 818 1419 ΒΠῘῙΙ.

308 1481 345 1492 ·-
365 1469 403 1503 ntt
422 1468 585 1504 BUPBRPLUO
605 1467 749 1503 ᾸΡΡᾸΒΔῊ]
773 1467 914 1504 CIBOBUK.

120 1619 259 1676 luvenalis
274 1617 314 1674 ad
328 1619 470 1695 frugalem
485 1637 592 1675 coenam
609 1617 772 1688 Persicum,
790 1617 913 1674 amicum
926 1636 1024 1689 suum,
1039 1618 1145 1676 invita-

92 1723 160 1766 turus
177 1712 304 1786 primum
326 1709 496 1786 perstringit
513 1709 663 1791 stultitiam
681 1729 800 1781 corum,
820 1710 870 1784 qui
889 1709 1024 1766 lautiores
1043 1722 1146 1785 parent

91 1806 185 1878 epulas,
204 1821 294 1878 quarn
312 1802 479 1858 facultatum
497 1821 613 1857 suarum
634 1801 738 1857 modus
756 1803 842 1872 ierat,
864 1801 973 1872 donec,
992 1802 1145 1878 absumpto

93 1896 160 1950 omni
168 1894 362 1970 patrimonio,
378 1895 547 1970 redigantur
563 1893 602 1950 ad
618 1892 846 1963 mendicitatem,
862 1913 925 1969 quae
942 1895 989 1949 vel
1006 1893 1095 1950 vitam
1113 1914 1146 1950 ac

94 1989 257 2063 potissimum
266 1998 444 2068 senectutem
455 1987 516 2062 ipsa
526 1997 620 2042 morte
633 1984 795 2061 graviorem
807 1984 926 2058 efficiat,
941 1987 989 2044 rel
1001 2005 1049 2043 eos
1062 1998 1146 2063 cogat
1244 2008 1247 2018 ¹

94 2080 172 2153 patria
187 2080 310 2150 cedere,
331 2096 368 2134 nc
390 2097 405 2133 a
431 2077 622 2134 creditoribus
642 2095 716 2151 saepe
740 2076 824 2134 elusis
846 2077 1145 2153 comprehendantur,

93 2189 128 2226 rs
138 2169 236 2230 1-55.
247 2170 361 2240 Quibus
372 2169 538 2246 premissis,
550 2169 658 2224 fereula
667 2187 684 2224 a
694 2186 724 2224 sc
738 2179 851 2241 parata,
861 2187 917 2224 una
929 2188 995 2224 cum
1005 2171 1147 2244 supellec-

94 2264 135 2320 tile
152 2283 181 2320 ac
197 2263 357 2332 ministris,
378 2271 513 2320 recenset
537 2260 624 2317 Cibos
642 2259 712 2315 dicit
728 2278 787 2316 csse
805 2260 967 2335 inemptos,
987 2273 1017 2317 et
1033 2262 1064 2317 iu
1080 2263 1147 2319 villa

93 2355 231 2412 Tiburtina
251 2365 350 2425 natos,
370 2354 536 2423 haedulum,
551 2353 701 2428 gallinam,
719 2370 972 2428 ova,.asparagos,
985 2372 1070 2423 uvas,
1086 2356 1148 2428 pira

93 2459 116 2502 et
125 2449 208 2517 mala,
220 2465 285 2522 qua
294 2447 364 2502 olim
376 2445 523 2502 luxuriosa
536 2444 899 2514 mentemmentdm,
913 2445 1151 2502 clarissimorum-

94 2556 141 2611 que
153 2539 287 2593 llomanae
301 2536 395 2612 gentis
406 2535 572 2606 nominum,
585 2534 666 2592 Curii
673 2575 682 2605 ‚
695 2534 850 2591 Fabiorum
855 2576 864 2604 ‚
878 2535 1010 2605 Catonis,
1025 2537 1150 2594 Scauro-

95 2647 162 2699 mm,
174 2627 376 2684 Fabriciorum
389 2627 571 2701 aliorumque
579 2623 735 2702 (56-92);
750 2621 955 2700 supellectilem
966 2645 1027 2683 non
1037 2629 1150 2704 magni-

94 2719 179 2790 ficam,
195 2720 402 2791 testudineum,
419 2730 598 2796 argenteam,
617 2735 747 2788 auream,
764 2718 893 2789 citream,
916 2720 962 2774 vel
978 2720 1148 2788 eburneam,

95 2815 137 2870 sed
149 2815 323 2889 simplicem,
339 2831 457 2881 aeream,
473 2811 611 2887 ligneam,
628 2807 762 2879 fictilem,
781 2829 905 2880 osseam,
921 2830 1031 2868 mensas
1047 2831 1150 2869 nuceas

96 2916 120 2961 ct
132 2906 205 2962 domi
218 2916 301 2962 natas
318 2903 502 2980 (pt-135),
519 2922 627 2973 servos,
645 2921 705 2959 uon
725 2902 818 2976 perite
835 2905 955 2979 opsonia
974 2905 1149 2978 scindentes,

97 3018 141 3054 uec
152 2999 320 3074 peregrinos
334 3009 362 3054 et
378 3017 443 3054 care
457 3007 585 3071 emptos,
603 2997 650 3051 vel
669 2995 743 3050 bene
758 3007 903 3070 comptos,
917 3008 1035 3054 ornatos
1046 3011 1080 3054 et
1093 2998 1149 3055 do·

98 3103 163 3164 ctos,
178 3093 229 3150 sed
242 3092 331 3148 rudes
345 3102 374 3147 et
388 3091 487 3161 italos,
504 3089 626 3165 pastoris
638 3099 667 3145 et
679 3089 799 3144 bubulci
815 3089 905 3160 filios,
922 3091 1040 3148 indutos
1055 3112 1150 3154 crasso

98 3183 242 3258 codemque
258 3182 379 3252 vestitu,
396 3201 449 3238 nec
466 3182 521 3238 uisi
536 3201 613 3238 nunc
627 3192 748 3256 propter
761 3182 892 3238 convivia
905 3203 1008 3258 pexos,
1023 3197 1053 3240 at
1065 3186 1150 3263 iugc-

99 3275 143 3328 uui
152 3275 241 3330 sultus
254 3293 287 3330 ac
300 3273 436 3348 pudoris,
449 3284 541 3329 castos
552 3284 580 3330 ct
589 3272 717 3328 libidinis
726 3273 856 3349 ignaros,
868 3275 919 3350 qui
929 3275 999 3333 viles
1011 3278 1111 3334 calices
1122 3290 1151 3334 et

98 3366 155 3420 rina
167 3367 252 3440 patria
267 3366 432 3442 porrecturi
443 3366 514 3434 sint,
530 3364 693 3420 136—161.
710 3369 850 3422 Praeterea
861 3386 921 3423 non
936 3370 1053 3426 lascivas
1066 3373 1150 3426 salta-

98 3457 179 3514 tiones
193 3471 222 3515 ct
236 3459 392 3515 cantilenas
411 3457 617 3512 Gaditanarmn
631 3459 810 3531 puellarum,
831 3460 882 3516 sed
901 3462 1065 3518 honestiora
1081 3465 1151 3519 Per·

96 3550 148 3604 sico
159 3550 301 3624 promittit
312 3559 486 3618 acroamata,
496 3547 677 3605 recitationes
692 3551 851 3606 carminum
863 3552 983 3607 Homeri
994 3563 1023 3607 ct
1037 3554 1149 3610 altisoni

98 3641 231 3712 Maronis,
247 3639 412 3697 162-180.
429 3639 561 3714 Denique
574 3640 610 3695 ab
621 3640 713 3698 amico
725 3643 813 3716 petit,
830 3655 863 3698 ut
879 3644 1013 3700 omnibus
1029 3645 1151 3704 dimissis

97 3733 166 3788 cuns
187 3733 269 3788 hilari
288 3733 385 3788 animo
406 3743 453 3799 ct,
477 3731 548 3788 dum
568 3731 661 3787 omnis
681 3734 774 3789 Roma
793 3734 831 3789 ad
848 3733 932 3790 ludos
949 3737 1151 3811 Megalesiacos

96 3827 255 3898 spectandos
269 3827 299 3882 iu
315 3825 424 3882 circum
440 3823 529 3880 ellusa
543 3823 593 3893 sit,
611 3824 670 3897 jam
683 3836 762 3880 sexta
774 3825 847 3880 hora
864 3826 960 3882 veniat
973 3849 979 3883 :
994 3829 1074 3903 quod
1090 3832 1151 3887 sinc

95 3917 202 3988 pudore
217 3916 276 3973 fieri
290 3935 375 3992 posse
391 3927 502 3986 mouet,
524 3934 614 3990 quum
630 3932 839 3989 nonuunquam
851 3915 891 3972 fas
904 3917 941 3972 sit
956 3921 1041 3994 genio
1057 3921 1152 3978 indul-

97 4028 173 4082 gere,
187 4023 216 4067 ct
229 4011 393 4068 ranoriusu
403 4011 565 4084 uoluptates
580 4007 829 4081 commendentur,
842 4011 1004 4068 181—208.
