3036 4984
347 394 409 468 ¹04
505 387 675 454 VARIAE
697 386 988 452 LECTIONES
1010 387 1073 452 ET
1096 387 1247 453 NOTAE

301 508 408 558 sitire
422 504 592 559 velocitatem
609 503 735 558 transitus
745 503 886 574 signifieat
906 503 1029 556 Ceterum
1040 503 1097 555 haec
1106 521 1139 555 ex
1150 502 1207 556 liv.
1220 501 1302 564 XXI,
1313 499 1406 562 5-23‚
1504 551 1505 566 ,

344 588 492 641 notissime

378 732 446 779 Vin.
467 731 524 780 ria.
544 731 673 797 Apposuit,
685 734 724 781 16.

380 821 448 875 Nor.
469 821 517 876 rba
539 840 593 893 seq.
611 825 635 875 E
650 823 746 876 Galliis
763 821 900 876 Hannibal
912 821 1035 875 victricia
1047 838 1121 875 arma
1133 821 1162 872 in
1176 820 1283 872 ltaliam
1296 829 1411 872 transtu·

345 904 384 957 lit
404 904 535 958 Praeclare
554 903 702 958 difficultas
721 907 848 960 transitus
863 904 974 977 Alpium
988 899 1172 958 adumbratur.
1191 903 1310 957 Similem
1325 901 1412 954 notio·

345 1004 421 1054 nem,
431 986 478 1046 sed
489 988 578 1042 minus
591 989 701 1042 sublimi
712 991 858 1061 gravitate,
869 989 998 1062 expressit
1008 989 1103 1043 llorat.
1112 987 1166 1043 Od.
1181 988 1208 1048 1,
1223 987 1249 1052 3,
1262 1005 1292 1038 ar
1306 1003 1361 1056 seq.

609 1086 769 1148 Nequidquam
781 1088 843 1132 Dens
854 1084 952 1132 abscidit

578 1160 680 1208 Prudens
688 1163 778 1209 oceano
787 1160 926 1206 dinociebili

609 1237 702 1290 Terras,
713 1239 732 1282 si
742 1245 817 1282 temen
826 1237 904 1297 impias

578 1311 631 1356 Nou
640 1311 753 1374 tangenda
764 1321 823 1358 rates
831 1312 959 1358 transiliunt
966 1311 1032 1358 vada.

350 1395 452 1451 Iocum
465 1414 530 1450 vero
541 1409 661 1450 nostrum
673 1399 792 1452 imitatus
807 1413 845 1452 est
858 1399 942 1452 llutil.
954 1399 1018 1452 ltin.
1030 1399 1072 1458 11,
1088 1400 1122 1454 33
1134 1418 1189 1470 seq.

533 1494 707 1542 umbuuu
717 1495 936 1558 premisimus)
949 1473 1093 1557 ipsulm

566 1570 712 1631 OEausnaqne
721 1573 835 1618 montanis
843 1575 882 1617 vix
892 1572 996 1618 adeunda
1006 1575 1057 1619 viis.

536 1643 647 1689 Invidiam
656 1647 732 1690 timuit
739 1653 820 1691 nauare
828 1662 954 1708 perumque
962 1651 1051 1709 putavit

567 1719 656 1766 Aretois
666 1719 735 1781 Alpes
744 1724 878 1786 opposuisse
888 1726 967 1778 nilnis,
979 1731 1023 1768 etc.

355 1801 489 1875 Tempora
498 1805 580 1860 etiam
589 1826 667 1879 praes.
679 1811 823 1874 Tmnssilie,
836 1813 942 1876 diducit,
953 1813 1057 1878 nimpi,
1067 1823 1143 1868 tenet,
1158 1809 1245 1870 tendit,
1257 1803 1292 1859 ad
1301 1806 1424 1859 sublimi·

355 1898 438 1940 tatem
451 1886 603 1958 aagendam
616 1891 715 1943 valent.
739 1895 836 1943 Natum
852 1892 961 1963 quidem
977 1894 1034 1967 ipsa
1053 1891 1143 1946 itineri
1163 1889 1326 1944 Hannibalis
1345 1908 1424 1956 oppo-

354 1973 429 2026 suisse
446 1971 588 2027 videbatur
601 1975 795 2048 insuperabiles
815 1976 1004 2044 difficultates,
1020 1982 1119 2046 Alpesn,
1133 1987 1251 2028 montem
1265 1972 1424 2024 altissimum

356 2053 512 2128 inviumque
519 2057 690 2125 exercitibus,
701 2060 774 2116 unde
784 2062 886 2116 Plinius
895 2063 924 2115 in
936 2063 1049 2115 Prosem.
1058 2062 1108 2114 lib.
1117 2060 1256 2123 XXXVI,
1269 2060 1425 2126 inponente,

356 2137 438 2201 dicit,
446 2160 526 2210 prope
539 2145 643 2212 majam
655 2148 767 2198 babuisse
777 2149 853 2214 Alpes
860 2150 893 2198 ab
904 2149 1041 2197 Hannibale
1052 2146 1186 2216 (primurn
1199 2156 1289 2196 tamen
1300 2160 1316 2194 a
1326 2139 1427 2203 Gallis,

357 2219 392 2277 tle
402 2224 501 2296 quibus
511 2225 575 2281 vide
590 2228 649 2282 Liv.
665 2229 702 2294 V,
716 2229 766 2295 36,
782 2243 808 2284 et
824 2229 905 2294 XXI,
916 2233 966 2294 30,
978 2229 1052 2283 unde
1067 2229 1187 2282 fabulam
1205 2227 1238 2282 de
1251 2226 1392 2287 Herculis,
1410 2243 1427 2275 a

357 2309 442 2364 Gallis
454 2310 533 2376 culti,
546 2313 660 2365 nansitn
670 2327 761 2367 natam
774 2315 962 2388 suspicabatur
973 2314 1063 2368 leieb.
1079 2313 1115 2366 ad
1128 2313 1175 2367 Sil.
1188 2313 1246 2374 XI,
1263 2312 1341 2381 ²17),
1352 2329 1426 2360 nsu-

353 2407 456 2460 peratns
464 2407 488 2444 et
490 2409 579 2461 postea
588 2415 605 2446 a
619 2399 736 2459 Csinbnk,·
747 2411 875 2470 praeterea
889 2401 966 2451 nivem
977 2399 1086 2452 mollem
1098 2409 1124 2450 et
1133 2397 1287 2469 praealtam,
1301 2413 1356 2466 qua
1369 2413 1427 2446 om-

358 2479 403 2532 nia
422 2492 499 2532 erant
516 2480 637 2552 oppleta,
653 2479 688 2534 de
706 2499 761 2552 qua
776 2480 839 2536 vide
855 2482 913 2537 Liv.
933 2483 1017 2546 XXI,
1034 2481 1155 2550 35-373
1170 2481 1218 2533 Sil.
1234 2480 1292 2542 III,
1311 2477 1428 2549 Srbseq.

359 2568 446 2631 Alpem
455 2577 528 2636 poet.
541 2565 608 2635 sing.
622 2583 673 2635 pro
687 2564 759 2636 plur.
770 2577 801 2616 nt
812 2566 913 2637 passim
922 2565 995 2634 (vide
1004 2564 1041 2618 ad
1051 2566 1099 2618 Sil.
1110 2565 1198 2628 XIII,
1209 2573 1241 2635 74
1247 2565 1280 2632 r).
1301 2564 1429 2629 Quanam

313 2710 315 2725 1
359 2667 424 2704 vero
433 2659 509 2719 parte
516 2647 651 2699 Hannibal
661 2647 742 2718 Alpes
751 2647 899 2712 transierit,
910 2667 943 2700 ne
951 2649 1021 2701 inter
1028 2649 1155 2719 antiquos
1164 2646 1274 2718 quidem
1284 2645 1429 2717 scriptores

361 2732 489 2787 comtitit.
503 2730 570 2785 vid.
583 2732 642 2786 Lir.
653 2733 739 2794 XXI,
751 2731 799 2796 383
811 2731 884 2803 Lips.
897 2732 982 2804 Epist.
995 2731 1031 2784 ad
1043 2732 1139 2802 Belgas
1152 2731 1228 2784 Ceut.
1240 2731 1270 2796 1,
1281 2730 1369 2801 Epist.
1382 2730 1431 2797 93;

362 2820 435 2890 Opp.
447 2829 510 2869 torn.
522 2817 565 2879 11,
575 2832 636 2888 pag.
649 2815 701 2868 826
713 2834 766 2886 seq.
779 2827 805 2868 et
816 2819 912 2869 Falard
920 2813 956 2868 ad
969 2816 1065 2890 Polyb.
1075 2816 1159 2868 -Cf.
1173 2833 1280 2888 qnoque
1289 2832 1431 2868 excursum

362 2920 442 2973 quem
451 2900 636 2974 subjunximus
645 2897 758 2954 editioni
770 2909 867 2951 nostre
881 2898 966 2965 Livii,
981 2911 1045 2953 tom.
1060 2899 1110 2962 tv,
1122 2917 1184 2970 pag.
1200 2897 1250 2969 473
1262 2909 1288 2950 et
1300 2916 1355 2968 seq.
1378 2899 1431 2950 En.

399 3050 467 3096 Van.
489 3051 545 3098 153.
562 3045 673 3104 Diducit,
690 3055 734 3104 rt,
749 3049 789 3108 15,
801 3055 918 3107 17-24,
931 3063 977 3107 70,
991 3047 1034 3112 75,
1045 3046 1086 3104 76,
1095 3055 1119 3092 et
1129 3044 1179 3092 duo
1190 3043 1258 3092 MSS.
1272 3043 1318 3090 vin·
1328 3043 1396 3091 (loeti
1407 3044 1434 3089 in

364 3132 467 3180 Miscell.
481 3131 555 3180 obss.
571 3129 631 3178 Grit.
643 3128 700 3177 vol.
710 3131 741 3178 V.
755 3140 815 3177 tom.
831 3131 869 3188 II,
884 3144 940 3192 pag.
955 3130 1015 3191 298.
1029 3129 1060 3174 ln
1073 3127 1160 3175 iisdem
1175 3122 1264 3192 legitur
1274 3124 1356 3190 rupit,
1369 3134 1397 3172 nt
1409 3125 1437 3171 in

368 3218 478 3274 18-ar,
490 3214 533 3273 ab,
547 3230 590 3274 27,
604 3213 720 3272 45-50,
736 3214 970 3276 54-69,7ι-74.
988 3209 1106 3267 Diduxit,
1124 3227 1168 3266 ro,
1184 3211 1223 3268 rb,
1238 3217 1351 3269 at-ap,
1365 3209 1436 3264 4⁵-

366 3302 415 3359 50,
428 3298 547 3362 54-69,
561 3302 681 3357 ἰι-76,
694 3312 734 3356 77.
748 3295 973 3359 ὒεᾰαείτᾳιιίἁιῐη,
985 3295 1082 3342 solenni
1093 3292 1285 3358 permutatione;
1304 3290 1361 3337 vide
1371 3290 1438 3338 inira

365 3391 396 3440 ad
409 3390 486 3448 XIII,
498 3387 562 3446 132,
571 3394 594 3432 et
604 3385 675 3433 Misc.
686 3385 759 3432 Obss.
770 3385 817 3432 loe.
825 3382 889 3430 laud.

402 3473 978 3542 Non.153.Didueit,dissolvit,etnnnpst
991 3488 1112 3534 montem,
1131 3471 1253 3544 pervium
1270 3471 1354 3536 lacit,
1365 3472 1440 3526 uiant

368 3567 469 3642 aperit,
479 3577 569 3616 aceto:
562 3558 787 3614 namllanntbal
796 3571 895 3610 struem
905 3557 1182 3628 lignorumsngentern
1194 3555 1331 3609 succendit
1336 3569 1442 3628 a,tque

368 3671 432 3706 sana
444 3647 566 3702 ardentia
579 3643 723 3717 putrefecit
736 3642 825 3694 iniusso
842 3653 933 3704 aceto,
947 3639 1022 3712 quod
1036 3653 1129 3693 notum
1140 3658 1173 3693 ex
1185 3641 1242 3694 Liv
1254 3639 1321 3692 XXI
1332 3637 1401 3708 ,37,
1414 3654 1443 3692 et

369 3733 485 3806 Appian.
502 3729 567 3782 Bell.
588 3726 706 3779 Hannib.
724 3743 783 3796 cup.
801 3732 844 3788 4¹
863 3729 1050 3792 -,Ilumpere
1067 3742 1252 3797 perrumpere,
1270 3737 1392 3787 montem,
1411 3735 1444 3774 ut

790 3880 1020 3900 mmmm

406 4000 415 4024 ¹
435 3991 505 4040 Conf.
516 3989 581 4036 Plin.
594 3987 695 4044 XXIII,
718 4002 739 4044 1,
752 3995 776 4032 et
795 3985 826 4033 ad
838 3985 880 4032 Sil.
926 3985 1058 4033 rendarum
1068 3981 1184 4030 arborum
1193 4018 1200 4039 ,
1210 3995 1262 4044 quae
1271 3982 1298 4027 in
1307 3977 1445 4043 superlorl-

370 4071 486 4133 111,640.
494 4069 521 4118 in
530 4067 596 4117 Add.
607 4065 773 4114 llaechistorIn
781 4075 882 4130 propter
925 4065 972 4113 bns
987 4064 1089 4127 Alpium
1103 4062 1168 4127 jugis
1183 4061 1270 4110 frustra
1286 4069 1442 4124 quaeruntur,

372 4151 497 4199 silentium
509 4146 619 4211 Polybli,
633 4144 800 4194 difficultatem
812 4159 885 4208 agge·
927 4143 1032 4207 aliasque
1042 4143 1149 4193 rationes
1160 4142 1187 4189 in
1196 4139 1303 4189 dnblnrn
1311 4149 1397 4187 veneta
1406 4150 1447 4186 est
