3042 4984
234 405 288 471 IN
311 405 541 472 sA'ttltAM
564 405 808 474 DECIMAM
832 409 1088 490 QUINTAM.
1136 407 1200 488 405

161 518 228 572 Nor.
240 521 300 574 rob.
320 525 370 574 Sed
380 524 503 573 Cantaber
511 523 576 572 unde
587 523 680 574 Stoicen
690 540 748 576 esse
757 523 801 577 vel
810 521 870 576 fleri
881 537 996 597 poteret,
1006 525 1060 580 boc
1069 536 1119 591 est,
1130 523 1205 576 unde

128 605 261 658 Vascones
284 617 311 659 et
329 604 530 677 Calaguritsui,
553 623 617 677 gens
632 605 749 659 barbare
768 619 795 660 et
810 605 900 668 rudis.
919 608 1014 663 Stoicse
1024 607 1204 680 philosophia
1314 599 1316 604 ’

130 700 261 760 precepta
272 687 377 742 discere
387 687 532 761 poterunt?
544 690 766 762 Cantaber(poet.
780 709 831 762 pro
842 692 961 744 casote
968 693 979 762 )
995 690 1132 763 Hispania
1144 709 1204 762 sep·

128 772 304 826 tentrionstis
314 772 369 826 lere
379 783 406 825 et
416 767 619 825 bellicosissims
626 790 692 843 gens
701 773 745 841 (iu
753 771 887 827 hodierna
897 777 994 827 Biseoia
1001 779 1022 846 ),
1032 773 1203 828 Vssconibus

127 851 255 920 finitimo,
267 854 339 910 unde
347 874 399 927 pro
410 855 453 908 bis
466 855 495 910 b.
510 855 563 927 loc.
575 857 697 928 ponitur.

159 953 231 1005 Nor.
253 971 312 1024 ¹09·
331 954 366 1019 Q.
384 952 506 1007 Cecilius
520 955 632 1004 Metellus
648 951 728 1018 Pius,
743 953 778 1019 Q.
794 951 899 1006 Metelli
910 951 1049 1007 Numidici
1060 951 1143 1014 lilius,
1156 952 1203 1024 qui

127 1046 220 1088 centn
237 1036 387 1090 Sertorium
400 1055 460 1090 cnm
483 1036 537 1089 Cn..
551 1036 681 1108 Pompeio
697 1035 801 1090 bellum
821 1036 914 1108 gessit,
929 1037 957 1089 iu
976 1055 1031 1108 quo
1050 1037 1206 1108 Cslsguris,

124 1121 245 1185 huson,
259 1121 394 1174 Psllsntis
411 1121 519 1194 slisque
532 1121 671 1194 Hispaniis
682 1119 785 1194 oppidu
801 1120 909 1174 obsessa
927 1133 999 1174 snut.
1013 1130 1022 1156 ¹
1040 1151 1076 1161 -
1087 1122 1202 1188 Antiqui,

123 1203 255 1274 quietate
267 1210 385 1275 antiques,
396 1205 480 1260 veteri
489 1223 547 1258 uso
556 1206 636 1270 vixit3
653 1223 724 1269 nou,
735 1203 810 1277 quod
820 1203 903 1276 vulgo
914 1215 1024 1277 putent,
1037 1203 1152 1275 tutique
1159 1220 1204 1275 ge·

124 1304 187 1340 nere
196 1289 267 1356 orti,
279 1291 322 1344 vel
332 1301 394 1361 post
403 1307 485 1360 quem
494 1289 541 1342 ulii
550 1288 700 1342 floruerunt
709 1286 830 1355 Metelli,
843 1289 887 1342 vel
901 1287 1018 1360 denique
1028 1288 1117 1359 gravis
1126 1299 1204 1342 etate

124 1373 169 1440 (ut
180 1375 298 1440 antiquus
312 1377 384 1424 Butes
396 1369 471 1444 upnd
484 1372 562 1444 Virg.
576 1370 681 1425 AEneid.
700 1372 760 1438 IX,
769 1374 853 1443 647),
869 1385 900 1425 ut
912 1383 993 1444 poetn
1005 1370 1151 1445 respexisse
1161 1370 1202 1425 vi·

124 1452 183 1507 deri
195 1455 281 1527 possit
294 1454 329 1510 ud
342 1456 430 1509 lucete
443 1455 555 1509 Sertorii
566 1457 665 1522 verbs,
678 1455 706 1508 iu
720 1456 850 1510 concione
861 1453 980 1509 militum
995 1453 1085 1507 dicta:
1097 1460 1203 1506 Puerum

123 1537 189 1590 tuse
209 1539 410 1612 (Pompeium)
431 1559 477 1611 ego
494 1541 609 1608 quidem,
623 1540 745 1598 sisinnus
764 1541 810 1591 itta
831 1537 998 1608 (Metellus)
1012 1538 1201 1604 supervenisset,

122 1625 269 1676 vasatum
278 1627 426 1693 castigatum
440 1629 542 1679 tomam
552 1624 672 1680 misissem
683 1622 759 1700 (sid.
772 1624 844 1680 Plut.
855 1622 883 1678 in
899 1623 999 1681 sertor.
1014 1623 1087 1696 Opp.
1103 1633 1168 1676 tom.
1179 1624 1202 1688 l,

109 1709 187 1779 με.
204 1707 271 1778 578,
282 1706 325 1761 ed.
337 1706 405 1761 Frts.
417 1711 438 1778 ).
547 1727 550 1738 ·

158 1854 231 1903 Vsu.
253 1869 311 1903 sso.
331 1854 438 1904 Nostros
449 1853 601 1920 θιαίαιᾳιιι,
616 1869 658 1903 sn.
668 1855 870 1922 Notusque-conj.
882 1858 914 1904 tt.
926 1857 1006 1906 Viles.

157 1945 233 1998 Non.
255 1961 305 1998 sro
320 1963 376 2017 seq.
397 1944 502 1998 Nostris
514 1944 698 2018 temporibus,
709 1964 767 2018 qun
777 1959 871 2002 contre
884 1947 1078 2002 humanitatem
1088 1963 1203 2019 peccun-

122 2039 178 2096 tur,
190 2049 247 2083 non
258 2031 376 2103 amplius
387 2030 539 2102 ignorantis
551 2031 595 2084 vel
608 2030 711 2084 feritate
723 2033 845 2086 excuses-i
858 2034 979 2105 possint:
993 2051 1058 2086 num
1070 2045 1134 2084 totus
1146 2033 1203 2104 jem

121 2116 190 2166 orsu
211 2125 345 2167 terrerum
358 2117 369 2184 (
385 2112 486 2168 sddere
506 2112 655 2180 debuisset,
667 2126 799 2186 qnantum
815 2114 927 2187 quidem
945 2115 1039 2182 nobis,
1057 2113 1204 2178 Romanis,

119 2197 255 2269 cognitus¹
267 2199 330 2266 est)
346 2198 419 2248 balet
432 2199 524 2249 Graias
536 2211 692 2265 nostrasque,
709 2199 845 2252 Romanus
852 2237 861 2264 ,
875 2201 1001 2265 Atlsssssss,
1014 2197 1069 2251 boc
1078 2207 1132 2262 est,
1145 2195 1204 2249 lite·

118 2297 175 2332 rss.
188 2281 284 2332 litero
296 2290 418 2350 artesque
429 2278 554 2332 liberales
565 2277 695 2332 dicuntur
704 2281 822 2346 Attene,
832 2292 864 2333 ut
874 2281 984 2344 sebois,
996 2279 1044 2332 ubi
1057 2278 1204 2344 docentur,

119 2365 282 2428 alenam,
301 2363 430 2434 quonism
451 2363 478 2415 in
498 2362 545 2416 illu
561 2363 638 2415 Urbe
656 2362 827 2434 potissimum
845 2362 959 2417 floruere
978 2381 986 2415 ε
1003 2360 1075 2415 uude
1094 2361 1203 2434 'lbucy-

120 2443 183 2498 didi
197 2465 231 2499 es
250 2444 351 2499 dicitnr
365 2441 489 2505 παίδευσις
499 2451 541 2505 τῆς
552 2435 674 2508 buttes,
692 2444 815 2500 Diodoro
833 2447 909 2502 assisis
924 2443 1092 2516 miltes-ipsos
1104 2444 1201 2496 πάντων

120 2528 254 2600 lsdpsisres
269 2542 295 2584 et
307 2529 432 2583 Ciceroni
442 2531 453 2598 (
463 2547 513 2600 pro
522 2527 638 2594 Flacco,
648 2546 672 2582 c.
685 2531 752 2599 ιδ),
763 2530 872 2596 «Urbs,
885 2529 959 2583 unde
971 2529 1142 2594 humanitus,
1151 2527 1200 2582 do·

118 2613 227 2678 utrius,
237 2613 345 2685 religio,
356 2612 458 2684 fruges,
464 2614 541 2684 jura,
554 2611 626 2683 leges
635 2625 702 2667 ortu
715 2624 796 2685 etque
811 2613 839 2667 in
851 2633 944 2668 omnes
956 2627 1040 2668 terras
1049 2611 1200 2670 distributa

119 2711 286 2772 putentur.»
300 2697 388 2754 Simili
399 2709 489 2751 sutem
503 2695 633 2750 orationis
644 2696 735 2751 colore
743 2710 823 2770 postu
834 2700 891 2766 111,
901 2697 1032 2764 (indixit
1041 2716 1057 2755 t.

309 2831 456 2845 .......
472 2797 543 2858 sym
551 2799 577 2844 u
584 2797 688 2845 nuum
697 2796 792 2844 senune
800 2800 918 2849 omnen.

154 2887 230 2940 Non.
250 2904 310 2940 ιιι.
326 2887 489 2958 Eloquentis
503 2886 613 2960 elinque
629 2898 702 2940 srtes
718 2886 843 2942 liberales
853 2907 887 2942 ex
904 2887 984 2942 Italis
1002 2888 1029 2942 iu
1042 2886 1161 2942 Gelliam
1173 2897 1200 2938 et

117 2969 186 3028 iude
198 2971 228 3024 in
239 2970 406 3024 Britannism
419 2970 592 3024 trunsierunt.
605 2972 645 3023 De
654 2969 791 3024 Britannis
802 2970 857 3025 sid.
867 2973 931 3026 Tuc.
943 2973 971 3025 iu
982 2973 1048 3026 vitu
1057 2969 1200 3043 Agricola,

117 3073 217 3110 eorum
227 3053 346 3127 presidis
360 3071 384 3107 c.
399 3071 440 3107 ss.
451 3055 491 3107 De
504 3055 715 3122 Galliasocussda
725 3054 782 3110 sid.
794 3055 830 3109 ud
839 3059 866 3125 1,
878 3064 925 3123 44,
939 3069 966 3111 et
975 3057 1049 3121 vlt,
1064 3055 1122 3119 sid.

154 3154 228 3207 Non.
251 3171 310 3206 ιιι.
330 3151 428 3205 Facete
443 3151 502 3206 brec
520 3164 546 3205 et
561 3148 727 3225 ὺπιρὸολυιῶι
741 3149 824 3206 dictu.
833 3183 869 3193 -
884 3155 996 3207 ttuon.
1015 3151 1076 3204 Hoc
1090 3147 1200 3202 nomine

118 3235 241 3292 Scburfl.
253 3234 380 3308 intelligit
397 3248 591 3310 preceptorem
607 3236 663 3291 sire
679 3235 838 3307 magistrum
857 3235 1027 3310 elequentiss,
1041 3252 1096 3288 nou
1110 3243 1201 3287 ornto·

117 3340 195 3375 mm:
207 3338 270 3373 usm
285 3344 296 3366 ι
305 3321 387 3370 rbetor
404 3330 445 3372 est
460 3319 508 3391 qui
522 3317 607 3372 docet.
617 3318 722 3388 literas,
736 3331 817 3392 atque
833 3319 899 3374 srtis
912 3318 1029 3376 truditur
1041 3315 1200 3394 eloquentius

118 3418 162 3460 est
173 3423 180 3460 t
191 3407 315 3472 sophista,
327 3401 401 3476 spud
415 3422 495 3476 quem
508 3401 617 3457 diosndi
629 3404 786 3476 esprcitium
797 3402 903 3458 dicetur
912 3417 1016 3467 :oraton
1025 3403 1073 3478 qni
1083 3401 1111 3456 in
1123 3417 1201 3454 cuns·

118 3489 157 3545 sis
166 3489 282 3562 privetis
293 3500 320 3542 et
330 3487 448 3561 publicis
458 3487 539 3560 plens
550 3500 577 3543 et
592 3487 713 3560 perlecta
723 3489 811 3544 utitur
819 3488 1008 3562 eloquentis,-
1020 3487 1125 3540 Murius
1134 3484 1200 3537 Vic-

119 3576 203 3630 torin.
216 3573 244 3627 in
256 3573 303 3626 lib.
315 3575 328 3625 l
339 3572 450 3626 Rhetor.
461 3572 547 3626 Cicer.
560 3573 662 3626 Verum
671 3591 731 3625 eum
742 3573 844 3646 ubique
854 3571 1037 3626 differentium
1046 3589 1102 3623 uon
1111 3581 1201 3624 tenere

122 3655 265 3714 contendit
277 3656 396 3710 Cramer.
412 3654 576 3727 longumque
587 3653 653 3709 inde
663 3654 773 3711 orditur.
782 3656 1011 3720 dissertationem,
1020 3673 1104 3728 quem
1112 3653 1202 3726 legere
1266 3651 1271 3658 “

121 3762 212 3818 operte
221 3742 338 3816 pretium
349 3753 398 3809 est,
410 3739 473 3794 side
483 3757 560 3804 eum,
573 3758 636 3812 psg.
647 3739 698 3810 549
708 3759 762 3812 seq.
770 3743 822 3796 Eu.
832 3772 869 3786 -
879 3745 958 3795 utute
967 3739 1078 3794 utrensi
1087 3751 1201 3811 septem·

120 3828 224 3882 trionis
236 3823 486 3893 instituentibus
498 3823 606 3896 ignota,
624 3842 742 3897 qucum
755 3825 803 3880 ulii
815 3825 918 3882 insulas
930 3823 1130 3890 Shetlsudicss,
1143 3822 1201 3878 Bsi-

549 4003 781 4026 mmm

156 4145 167 4173 ¹
184 4137 255 4188 Gout'.
271 4135 380 4202 Appisu.
389 4135 448 4185 Bell.
458 4135 531 4200 Hisp.
544 4151 597 4200 csp.
609 4152 668 4200 sos,
678 4145 703 4186 et
714 4136 787 4188 civit.
802 4139 815 4188 1
826 4175 834 4201 ,
845 4153 890 4204 97,
906 4136 1057 4202 soi-1153
1068 4137 1134 4192 Flor.
1148 4137 1204 4199 ΠΙ,

123 4237 169 4287 ²²5
183 4223 247 4272 Plus.
258 4221 287 4270 in
300 4221 352 4270 Vit.
363 4219 466 4270 bonosii
479 4229 503 4269 st
515 4219 639 4284 Pompeii.
