2992 4984
176 481 348 550 sntlttAE
371 485 552 552 DECIMAE
574 483 768 570 QUARTAE
791 483 1010 552 ANALYsls.
1065 507 1127 570 ²99

69 617 153 664 autem
172 609 258 666 altius
277 609 430 688 insurgens
451 612 657 672 declamatorio
677 633 763 672 more
781 624 811 672 et
830 612 958 690 magistri
977 611 1127 669 severitate

67 711 132 766 illud
144 711 175 768 in
191 713 335 772 invidiam
354 717 473 774 adducit
494 729 581 795 atque
598 720 827 798 indignationem
844 719 967 799 excitat)
986 737 1053 776 cum
1065 717 1128 788 illa,

68 828 161 892 preter
173 819 256 892 loca,
272 822 305 878 iu
319 823 481 882 Comment.
498 825 632 901 laudata,
651 827 718 884 Seu.
736 827 852 897 deira,
868 829 912 899 11,
928 844 983 898 aa,
997 835 1026 882 et
1038 823 1129 900 Epist.
1196 817 1199 829 '

69 943 109 997 97.
123 927 197 982 Plut.
216 927 255 985 de
267 930 397 988 institut.
413 931 513 990 Libera
526 943 556 988 et
573 931 696 1004 Quintil.
711 933 781 990 Inst.
797 935 880 991 Orat
897 931 929 1003 I,
955 951 987 1002 1,
1002 929 1037 1001 6,
1049 927 1130 1001 cujus

69 1027 147 1084 verba
163 1033 286 1090 omnino
302 1034 390 1110 digna
406 1047 487 1109 sunt,
504 1055 568 1113 quae
581 1038 612 1094 h.
624 1038 681 1096 loc.
694 1036 918 1093 adscribantur:
936 1033 1080 1092 «Utinam
1090 1031 1130 1088 li-

69 1131 194 1190 berorum
207 1148 380 1196 nostrorum
394 1159 490 1198 mores
503 1159 564 1199 uon
579 1142 635 1218 ipsi
646 1141 847 1218 perderemus!
863 1138 1018 1197 Infantiam
1032 1135 1130 1194 statim

68 1237 166 1302 deliciis
172 1242 314 1300 solvimus
325 1245 438 1303 :mollis
448 1247 496 1303 illa
505 1247 654 1318 educatio,
664 1265 752 1323 quam
762 1245 975 1322 indulgentiam
984 1260 1129 1310 vocamus,

68 1361 161 1403 nervos
174 1366 278 1408 omnes
292 1360 321 1408 et
334 1353 438 1408 mentis
453 1364 483 1409 et
493 1353 625 1429 corporis
639 1351 755 1426 frangit.
770 1349 851 1422 Quid
860 1368 921 1408 non
932 1349 1047 1406 adultus
1056 1365 1129 1404 cou-

69 1451 182 1522 cupiscet
199 1453 254 1529 qui
266 1455 299 1516 iu
309 1457 446 1532 purpuris
458 1457 552 1532 repit?
565 1497 611 1514 .....
616 1459 681 1514 Iam
692 1474 810 1513 coccum
823 1454 973 1530 intelligit,
984 1451 1043 1526 jam
1058 1470 1132 1509 cou-

69 1553 182 1630 cbylium
195 1560 302 1633 poscit.
318 1562 541 1632 ....Gaudemus,
557 1562 582 1620 si
592 1560 664 1638 quid
675 1560 807 1618 licentius
821 1559 965 1632 dixerint3
976 1558 1080 1627 verba,
1092 1575 1130 1612 ne

70 1661 260 1720 Alexandrinis
279 1663 398 1739 quidem
419 1641 620 1740 permittenda*
638 1665 768 1736 deliciis,
795 1664 856 1722 risu
878 1675 908 1722 et
930 1665 1029 1722 osculo
1052 1661 1131 1720 exci-

70 1762 158 1836 pimus.
181 1769 244 1824 Nec
265 1769 392 1840 mirum3
412 1786 466 1825 nos
486 1769 656 1840 docuimus,
676 1787 712 1828 ex
730 1770 814 1827 nobis
830 1770 994 1827 audierunt.
1010 1769 1130 1825 Nostras

70 1870 173 1942 amicas,
183 1885 303 1933 nostros
314 1875 492 1931 concubinos
502 1875 614 1954 vident,
633 1895 719 1934 omne
733 1874 899 1933 convivium
911 1873 1052 1933 obscoenis
1063 1891 1130 1928 can-

70 1975 123 2033 ticis
142 1978 265 2053 strepit,
287 1980 422 2054 pudenda
445 1980 524 2038 dictu
544 1991 716 2056 spectantur·
743 1981 789 2036 Fit
808 1999 845 2036 ex
865 1981 910 2036 his
936 1975 1130 2046 consuetudo,

70 2081 161 2141 deinde
173 2097 288 2142 natura.
300 2086 423 2143 Discunt
430 2088 490 2144 baec
501 2087 685 2160 miseri,ante
697 2105 783 2162 quam
794 2087 885 2144 sciant
893 2085 962 2143 vitia
971 2103 1031 2143 esse
1042 2107 1049 2141 :
1060 2084 1129 2141 iude

73 2187 146 2242 soluti
164 2207 196 2244 ac
212 2187 338 2246 fluentes
351 2197 412 2246 nou
430 2190 575 2266 accipiunt
587 2211 603 2249 e
615 2192 720 2249 scholis
732 2193 806 2248 tuala
818 2193 887 2262 istu,
904 2191 955 2248 sed
971 2192 1001 2246 in
1017 2188 1128 2246 scholas

70 2291 194 2362 allerunt,
207 2307 284 2352 etc.»
300 2298 383 2352 Notae
393 2298 554 2354 Achaintrii
568 2309 635 2355 sunt
645 2298 708 2353 bae:
722 2300 831 2354 «Poeta
845 2294 970 2353 ostendit
983 2315 1067 2370 supra
1082 2296 1126 2364 11,
1224 2355 1227 2360 ,

73 2394 135 2467 166,
145 2401 241 2470 ervi,
258 2398 328 2472 617,
341 2420 426 2476 mam
441 2400 562 2478 pessima
576 2399 616 2477 (l)
626 2398 736 2458 fuerint
746 2398 934 2467 commercia,
949 2408 978 2454 et
989 2409 1128 2473 qnantum

70 2513 195 2558 nocerent
207 2505 373 2580 reipublicae
381 2507 606 2582 Imperatorum,
615 2523 717 2580 regum
727 2524 759 2562 ac
770 2504 871 2580 populi
882 2504 1045 2580 primorum
1060 2521 1127 2559 cor·

72 2609 138 2680 rupti
149 2628 254 2668 morsa.
268 2611 354 2667 Nunc
371 2611 564 2680 demonstrat,
582 2610 685 2686 quanti
703 2608 761 2666 sint
773 2608 912 2685 ponderis
927 2608 1056 2682 exempla
1072 2605 1128 2662 do-

71 2712 171 2770 mastica
176 2755 186 2786 ,
215 2734 280 2790 quse
297 2734 330 2772 re
350 2716 412 2792 ipsa
428 2734 543 2772 morum
559 2715 746 2791 publicorum
761 2725 829 2770 sunt
847 2711 1005 2770 cerfimima
1021 2711 1127 2768 funda-

72 2827 160 2874 menta.
177 2821 316 2875 Dusaulc
330 2831 422 2894 poetae
435 2831 537 2877 nostro
557 2818 671 2893 objicit,
690 2818 771 2892 quod
784 2817 908 2893 abrupta
922 2817 1008 2874 nimis
1022 2815 1127 2873 transi-

73 2917 137 2976 tione
148 2921 183 2978 ad
195 2921 280 2980 aliud
294 2935 510 2999 argumentum,
526 2923 634 2981 scilicet
647 2922 685 2979 ad
697 2921 846 2978 avaritiam
859 2921 1025 2978 transierit:
1037 2922 1126 2994 male,

73 3034 157 3081 nosuo
167 3024 280 3098 judicio
287 3047 296 3098 ;
309 3045 375 3082 nam
390 3038 419 3084 et
431 3027 463 3084 id
476 3046 529 3084 suo
541 3025 580 3106 (1)
595 3026 712 3083 themati
724 3024 922 3083 conveniebat.
936 3027 981 3080 Ex
992 3023 1127 3081 omuibus
1216 3039 1225 3062 ·

73 3129 136 3186 enim
145 3130 236 3200 vitiis,
249 3132 288 3189 ad
297 3133 477 3190 eversionem
489 3133 681 3209 imperiorum
692 3130 859 3207 aptissimis,
871 3131 985 3187 nullum
1000 3129 1125 3206 optimus

69 3231 112 3288 ille
123 3211 320 3309 dijudicabat
330 3237 429 3312 pejus,
444 3248 474 3294 et
483 3237 634 3294 vitandum
647 3235 738 3312 magis
748 3252 836 3310 quam
844 3233 1007 3307 arandam,
1018 3234 1127 3293 scilicet

72 3337 243 3412 cupiditatem
253 3341 380 3407 habendi
389 3360 442 3417 per
454 3343 495 3400 las
505 3353 535 3400 et
544 3341 629 3400 nefas.
641 3341 735 3411 Quam
745 3338 837 3416 quiin
847 3339 957 3397 animos
966 3357 1126 3416 puerorum

71 3439 196 3516 insinuat,
207 3444 231 3500 is
242 3443 348 3502 merito
359 3445 459 3519 patriae
469 3445 561 3502 bostis
572 3445 658 3504 debet
668 3443 778 3502 haberi
794 3447 834 3500 Ea
849 3445 925 3502 enlm
938 3446 1054 3520 plebem
1062 3457 1126 3503 tur-

73 3544 202 3604 bulentam
212 3547 315 3619 efficit,
329 3549 405 3606 cives
416 3549 563 3625 inquietos
574 3561 604 3608 et
617 3569 762 3608 novarum
777 3569 875 3607 rerum
886 3549 999 3623 avidos,
1012 3569 1127 3608 merca·

72 3661 139 3707 tores
149 3671 275 3728 rapaces,
287 3651 399 3726 judices
412 3665 581 3729 corruptos,
594 3653 700 3711 milites
712 3652 832 3725 infidos,
849 3653 936 3712 duces
948 3652 1084 3728 periuros
1097 3665 1126 3713 et

71 3755 104 3824 ei,
117 3757 165 3832 qui
175 3759 238 3834 plus
253 3758 423 3833 pollicetur,
439 3759 529 3816 vitam
539 3779 620 3816 suam
635 3760 814 3832 addicentes,
827 3763 1020 3836 Imperatores
1032 3761 1125 3818 ambi-

70 3861 159 3934 tiosos,
170 3865 352 3939 spoliatores,
364 3863 592 3941 depraedatores,
604 3865 739 3922 tribunos
748 3864 873 3941 denique
884 3863 922 3922 ad
931 3864 1035 3940 populi
1045 3875 1125 3923 tute·

71 3967 119 4024 lam
127 3969 268 4029 institutos
282 3972 411 4043 venales,
423 3973 652 4046 perturbatores,
663 3970 765 4046 patriae
778 3969 955 4038 defectores,
967 3981 996 4027 et
1006 3989 1125 4048 rempu-

71 4073 165 4132 blicam
175 4089 297 4156 tyranno
306 4078 472 4136 vendentes.
487 4077 571 4134 Conl.
581 4077 665 4153 Virg.
677 4075 790 4134 AEncid.
802 4079 863 4147 VI,
875 4077 944 4149 621,
956 4075 1024 4134 622.
1034 4079 1124 4136 Recte

6 4223 7 4229 ,
73 4179 151 4255 igitur
169 4205 185 4240 a
200 4205 241 4243 vs.
265 4183 320 4243 106
336 4185 482 4242 Iuvenalis
504 4183 610 4241 acriter
624 4181 771 4240 invehitur
784 4181 817 4238 iu
832 4182 995 4252 arantium,
1018 4181 1124 4257 quippe
