2992 4984
325 437 507 500 ssrmA
530 437 726 502 nucius
750 441 962 522 Quium.
1116 442 1179 526 309

106 543 217 614 Altera
229 546 307 616 villa
321 551 398 636 tibi,
414 574 517 644 quum
535 575 591 620 rus
604 577 674 620 non
689 552 815 623 sufficit
832 580 955 642 unum,

103 659 143 724 Et
158 657 318 750 proferre
337 660 419 730 libet
437 661 538 750 fines3
561 663 736 758 majorque
752 665 884 734 videtur

101 767 142 833 Et
157 765 282 838 melior
296 771 407 840 vicina
420 795 535 868 seges:
556 773 714 841 mercaris
729 774 881 862 etimne,
896 790 930 845 et

101 877 262 965 Arbusta,
281 893 316 948 et
331 879 432 950 densa
449 897 599 951 montem
619 883 677 977 qui
694 897 794 952 canet
808 881 910 952 oliva.

98 983 258 1072 Quorum
272 989 300 1056 si
315 989 423 1082 pretio
437 991 594 1060 dominus
608 1017 678 1060 non
693 993 841 1061 vincitur
858 992 944 1080 ullo,
1133 1009 1179 1071 145

99 1098 208 1166 Nocte
225 1097 333 1168 boves
349 1103 470 1186 macri,
488 1099 640 1195 lassoque
659 1101 815 1172 famelica
829 1101 921 1172 collo

97 1206 115 1272 J
118 1222 277 1294 umento,
297 1209 340 1278 ad
354 1210 478 1281 virides
493 1213 595 1306 hujus
609 1214 787 1282 mittentur
803 1213 936 1296 aristas3

97 1319 169 1386 Nec
183 1320 285 1412 prius
298 1320 377 1392 inde
392 1323 548 1412 domurn,
569 1349 669 1418 quarn
685 1337 755 1392 tota
767 1322 900 1393 novalia
915 1346 1018 1392 saevos

97 1427 135 1494 ln
150 1443 289 1500 ventres
305 1431 441 1518 abeant,
455 1447 494 1501 ut
506 1431 625 1502 credas
641 1431 780 1502 falcibus
794 1447 917 1502 actum.

95 1535 222 1606 Dicere
235 1539 293 1607 vix
310 1540 432 1633 possis,
448 1565 549 1636 quem
562 1540 661 1610 multi
674 1539 752 1610 talia
766 1539 917 1635 plorent,
1129 1549 1179 1602 150

95 1648 137 1714 Et
154 1663 242 1741 quot
257 1647 390 1720 venales
404 1650 530 1744 injuria
547 1650 664 1720 fecerit
678 1675 786 1746 agros.
1136 1663 1140 1671 “

142 1758 212 1828 Sed
228 1760 288 1853 qui
304 1760 496 1830 sermones?
513 1785 614 1856 quam
628 1760 725 1830 foedae
741 1762 885 1831 buccina
900 1760 1016 1830 famae?

95 1867 186 1954 Quid
208 1884 312 1938 nocet
327 1869 416 1938 hoc?
433 1871 566 1963 inquit:
584 1872 733 1939 tunicum
749 1870 832 1939 mihi
848 1870 937 1939 malo
952 1869 1078 1963 lupini,

97 1975 210 2064 Quam
225 1979 254 2048 si
269 2002 324 2046 me
339 1992 412 2047 toto
426 1977 539 2048 laudet
551 1980 675 2048 vicinia
689 2003 777 2074 pago

98 2086 325 2182 Exiguiruris
337 2087 641 2181 paucissimafarra
653 2104 831 2158 secantem.
1128 2103 1175 2156 15⁵

99 2194 235 2267 Scilicet
253 2211 287 2266 et
302 2197 428 2267 morbis
446 2212 479 2265 et
495 2197 666 2266 debilitate
682 2198 826 2282 carebis,

100 2309 141 2374 Et
155 2305 288 2376 luctum
302 2321 336 2376 et
349 2330 464 2376 curam
480 2306 636 2402 effugies,
655 2321 688 2374 et
701 2322 855 2398 tempora
870 2309 946 2374 vitae

100 2549 175 2608 adeo
195 2564 229 2610 ut
248 2555 301 2629 qui
320 2555 435 2630 penitus
455 2556 621 2627 illuceret,
643 2557 736 2614 levius
756 2553 885 2614 eamdem
905 2553 1057 2612 desideret.
1077 2555 1179 2630 ltaque

100 2661 190 2718 quum
203 2645 258 2702 tibi
269 2646 339 2702 villa
353 2667 410 2704 une
427 2649 495 2704 satis
506 2665 568 2704 non
584 2647 637 2719 sit,
657 2650 777 2704 alteram
786 2645 940 2716 mercuris3
954 2646 1048 2720 placet
1058 2644 1121 2720 egri
1134 2645 1178 2701 tui

100 2733 205 2792 limites
218 2737 376 2796 extendere
389 2760 396 2794 :
408 2740 497 2795 vicini
510 2739 573 2794 arvi
589 2757 687 2815 seges,
702 2751 731 2796 et
747 2740 854 2813 major,
869 2749 899 2795 et
912 2737 1024 2795 felicior
1039 2735 1156 2794 videtur
1169 2759 1176 2796 :

102 2825 172 2884 illud
181 2829 341 2886 emendum
352 2831 473 2906 suscipis
484 2850 550 2887 cum
564 2849 673 2888 nmoeno
689 2831 790 2888 silvula
804 2843 834 2888 et
843 2843 944 2888 monte
957 2829 1035 2905 ipso,
1047 2829 1097 2906 qui
1107 2829 1178 2888 oleis

102 2917 196 2976 densis
217 2920 332 2978 albicet.
356 2923 445 2992 Quod
464 2924 487 2978 si
506 2923 641 2998 compelli
658 2923 761 2998 nequit
780 2921 915 2979 dominus
934 2921 1030 2978 oblata
1046 2939 1102 2996 pro
1120 2919 1176 2976 illis

102 3023 335 3089 quantecumque
351 3014 493 3089 pecunie,
522 3025 556 3071 ut
580 3014 709 3085 vendat,
733 3031 803 3089 grex
822 3013 914 3070 boum
935 3011 1123 3081 macilentus,
1148 3023 1177 3070 et

101 3115 198 3162 enecta
207 3103 284 3161 same
294 3123 327 3163 ec
335 3106 504 3164 lassitudine
513 3107 657 3180 jumenta,
669 3107 699 3161 in
709 3115 822 3181 segetes
830 3105 918 3176 illius,
929 3103 1057 3160 virentes
1067 3103 1176 3170 adbuc,

102 3194 289 3254 imittentura
299 3207 328 3254 te
339 3209 447 3271 noctu3
463 3217 517 3255 nec
526 3198 607 3274 prius
618 3197 757 3254 redibunt
765 3198 834 3255 inde
846 3197 980 3266 domum,
991 3215 1078 3272 quum
1085 3196 1176 3252 herbo

103 3291 196 3346 omnis
212 3311 245 3347 ac
261 3309 325 3366 spes
335 3293 434 3350 messis
448 3293 580 3349 luturaee
597 3292 734 3349 famelicis
745 3293 883 3352 armentis
892 3292 1008 3368 depasta
1018 3291 1050 3347 in
1060 3302 1177 3348 ventres

102 3382 218 3453 abierit,
228 3383 352 3460 perinde
362 3387 443 3460 quasi
454 3386 575 3443 falcibus
587 3385 687 3444 fuisset
695 3386 814 3442 succisa.
828 3386 886 3444 Vix
897 3386 956 3443 dici
967 3395 1077 3461 potest,
1089 3403 1175 3459 quem
1292 3389 1294 3394 ’

102 3476 184 3531 multi
192 3495 258 3534 sues
267 3489 375 3552 segetes
385 3478 424 3535 ita
438 3479 602 3554 deperditas
614 3481 823 3548 lamententur,
835 3495 922 3552 quam
933 3476 1018 3532 multi
1028 3493 1083 3549 per
1092 3475 1176 3532 istam

1 3573 2 3578 ’
102 3566 235 3640 injuriam
247 3582 277 3626 et
286 3570 502 3646 improbitatem
514 3591 581 3629 suos
595 3591 680 3648 agros
694 3572 853 3628 divendere
866 3570 925 3626 sint
939 3569 1040 3627 coacti.

142 3661 208 3719 152.
228 3666 293 3740 Age
301 3681 374 3720 vero
385 3664 450 3739 quis
458 3665 609 3720 bominum
620 3675 663 3721 est
674 3664 788 3719 sermo?
798 3661 966 3738 quamsoeda
977 3656 1097 3716 buccine
1109 3679 1175 3734 per-

102 3766 183 3811 sonat
192 3755 271 3830 apud
280 3775 382 3813 omnes
394 3757 468 3814 mma
478 3767 527 3812 tua
533 3796 542 3823 ,
557 3755 710 3813 avarei-
720 3755 800 3826 Quid
808 3753 943 3811 hocmihi
953 3751 1178 3809 tandemobesti

103 3847 300 3923 inquit.ll1alo
315 3849 469 3925 leguminis
482 3843 613 3906 vilissimi
629 3847 763 3922 siliquam
776 3847 899 3914 habere,
915 3865 1002 3921 quarn
1018 3842 1131 3900 laudari
1142 3846 1179 3902 ab
1267 3858 1272 3873 ⁴

1 3981 2 3986 κ
103 3941 236 3996 omnibus
245 3939 347 3997 incolis
357 3940 423 4017 pugi
432 3941 463 3996 in
474 3941 593 4011 vicinia,
608 3942 745 4016 siparum
758 3939 875 3997 interim
886 3937 1025 3996 frumenti
1038 3957 1073 3993 ex
1085 3940 1179 4014 agello

104 4044 222 4110 augusto
237 4033 380 4110 colligam.
397 4066 437 4078 -
456 4036 567 4109 Nempe
585 4033 617 4089 id
636 4033 811 4107 assequeris,
829 4033 949 4108 opinor,
969 4031 1026 4088 tuis
1043 4031 1100 4087 illis
1113 4030 1180 4105 opi-

1 4117 2 4128 ’
106 4124 173 4195 bus,
187 4137 222 4182 ut
236 4125 362 4197 morbis,
383 4125 550 4184 infirmitate
569 4143 681 4197 careas,
697 4143 853 4182 moerorem
865 4138 895 4182 et
909 4143 991 4182 curos
1005 4123 1180 4199 propulsos?

106 4225 138 4269 ut
154 4215 211 4272 vita
231 4217 366 4292 longiore
379 4229 408 4274 et
427 4217 554 4274 beatiore
570 4217 742 4292 perfrucris,
762 4217 867 4294 siagri
884 4215 975 4292 opimi
992 4215 1099 4272 limites
1111 4225 1175 4270 tnn-
