2992 4984
97 689 1093 840 slrrnluuomloulnm.
1195 681 1217 712 ·

500 971 676 996 annu-t

72 1191 227 1289 Ptunma
246 1230 343 1303 sunt,
364 1215 524 1303 Fuscine,
541 1229 573 1285 et
592 1211 681 1285 sama
698 1211 799 1310 digna
818 1215 968 1306 sinistra,

72 1332 106 1397 Et
118 1327 224 1397 nitidis
243 1325 409 1397 maculam
426 1327 593 1396 haesuram
610 1326 748 1422 figentia
762 1329 883 1414 rebus,

72 1438 139 1524 Qua
154 1451 342 1506 monstrant
360 1437 423 1532 ipsi
442 1437 559 1532 pueris
578 1437 783 1532 traduntque
800 1452 963 1533 parentes.

72 1551 99 1620 si
110 1547 259 1617 damnosa
277 1571 392 1616 senem
406 1547 503 1642 juvat
518 1545 604 1634 alea,
623 1545 710 1616 ludit
728 1562 760 1617 et
777 1549 875 1618 heres

72 1658 214 1746 Bullatus,
234 1682 407 1753 parvoque
422 1657 539 1727 eadem
555 1672 668 1728 movet
683 1682 776 1726 arma
794 1657 922 1728 fritillo.
1112 1679 1126 1732 5
1175 1637 1180 1660 ⁸

72 1772 131 1839 Nec
147 1767 259 1840 melius
278 1767 320 1838 de
338 1793 373 1838 se
392 1769 550 1862 cuiquam
564 1792 701 1864 sperare
715 1768 910 1864 propinquo

72 1880 223 1950 concedet
233 1879 387 1974 juvenis,
406 1879 464 1974 qui
481 1876 598 1946 radere
615 1879 734 1948 tubera
749 1892 868 1966 terrae,

72 1991 205 2061 Boletum
225 1990 382 2076 condire,
403 2004 437 2058 et
453 1988 572 2058 eodem
587 1989 665 2083 jure
685 2004 839 2059 natantes

71 2105 208 2197 llergere
224 2097 382 2172 ficedulas
399 2099 534 2186 didicit,
553 2096 722 2170 nebulone
736 2113 897 2194 parente,

70 2216 104 2280 Et
119 2238 197 2282 cana
214 2225 425 2281 monstrante
442 2206 529 2304 gula.
551 2207 667 2297 Quum
684 2208 846 2302 septimus
864 2233 974 2277 annus
1099 2244 1130 2278 ιο

69 2323 233 2392 Transierit
248 2345 370 2417 puero,
387 2317 541 2388 nondum
557 2318 652 2386 omui
668 2314 768 2385 dente
787 2332 924 2403 renato,

70 2433 217 2500 Barbatos
232 2429 313 2501 licet
327 2429 508 2498 admoveas
525 2427 616 2496 mille
634 2426 712 2496 inde
730 2426 927 2522 magistros,
941 2423 945 2434 '

69 2540 147 2608 Hinc
161 2539 316 2624 totidem,
332 2537 447 2632 cupiet
462 2535 554 2604 lauto
571 2559 704 2605 coenare
720 2549 841 2628 paratu

70 2652 204 2743 Semper,
223 2662 295 2716 eta
312 2669 523 2740 magnanon
541 2644 746 2738 degenerare
764 2645 887 2715 culina.

252 2857 368 2897 striae
384 2827 505 2896 nucina
526 2855 653 2906 QUARTAE
674 2855 932 2897 mammarium.

104 2977 127 3015 t.
145 2957 273 3015 Plurima
287 2965 355 3012 sunt
365 2953 486 3030 flagitia,
501 2954 640 3026 Fascius,
653 2957 755 3012 lavam
763 2955 1005 3015 existimationem
1015 2979 1132 3018 meren-

71 3050 101 3106 tia
114 3062 140 3108 et
155 3050 274 3108 dotibus
290 3047 416 3104 maxime
432 3045 591 3123 splendidis
608 3049 750 3104 maculam
769 3058 897 3106 tenacem
914 3047 1049 3126 figentia,
1067 3073 1131 3129 quar

68 3153 186 3218 parentes
203 3143 261 3218 ipsi
279 3149 442 3197 monstrant
457 3150 487 3196 et
498 3138 639 3214 ingerunt
655 3139 713 3196 suis
731 3140 839 3215 pneris.
859 3141 891 3200 Si
913 3143 975 3199 alea
992 3143 1129 3202 damnosa

66 3237 136 3309 jurat
152 3245 264 3312 patrem
276 3234 337 3308 jam
355 3232 515 3301 seniorem,
533 3229 609 3288 ludit
626 3241 656 3288 et
672 3231 733 3307 ipse
748 3233 811 3306 ejus
826 3229 916 3290 haeres
931 3252 1004 3309 puer
1019 3237 1129 3295 bullam

68 3331 148 3386 adhuc
167 3347 286 3405 gerens,
311 3338 341 3384 et
360 3325 424 3383 ludi
442 3324 634 3381 instrumenta
657 3323 758 3382 eadem
779 3325 887 3383 minori
908 3326 1011 3386 fritillo
1024 3343 1130 3388 versat.

67 3423 157 3499 licque
178 3421 330 3478 meliorem
358 3437 445 3495 quam
470 3415 552 3474 dedit
572 3427 656 3492 pater
680 3417 717 3474 de
741 3435 771 3474 se
794 3437 875 3494 spem
897 3419 980 3476 dabit
1004 3423 1130 3498 propin-

68 3516 120 3588 quis
136 3513 193 3570 suis
207 3515 322 3588 juvenis
333 3510 398 3581 ille,
412 3509 464 3586 qui
478 3520 562 3567 terrae
580 3509 683 3566 tubera
697 3512 824 3586 scalpere
840 3529 873 3568 ac
886 3513 1006 3581 radere,
1026 3513 1131 3590 fungos

67 3608 188 3678 condire,
204 3617 234 3664 et
255 3605 359 3665 eodem
377 3603 493 3678 jusculo
513 3602 661 3659 immersas
680 3603 858 3679 perfundere
874 3602 1025 3674 ficedulas,
1046 3606 1132 3664 luxu-

66 3697 132 3756 rioso
147 3709 230 3775 patre
243 3697 367 3755 docente
380 3706 409 3752 et
425 3713 495 3752 cana
509 3697 576 3773 gula
590 3696 756 3771 exemplum
771 3696 932 3770 prebente,
946 3695 1058 3755 didicit.
1073 3698 1132 3756 Vix

67 3809 162 3848 annum
183 3791 338 3867 septimum
362 3787 515 3865 attigerit,
539 3798 694 3863 antequam
709 3805 819 3856 ¹omnes
841 3789 958 3860 dentes,
984 3789 1036 3866 qui
1054 3791 1130 3848 exci-

67 3881 176 3955 derant,
198 3894 233 3940 ut
250 3882 302 3954 fit,
327 3880 472 3938 infantulo
493 3879 603 3938 fuerint
625 3879 769 3955 reparati,
795 3878 864 3936 licet
885 3880 968 3937 illum
992 3881 1131 3940 erudien-

68 3973 127 4032 dum
146 3975 286 4034 sexcentis
310 3973 455 4052 magistris
477 3973 600 4030 barbato
627 3983 727 4031 mento
753 3973 859 4030 severis
883 3973 996 4046 tradas,
1021 3976 1130 4034 mlrilo-

68 4065 153 4126 minus
171 4067 280 4144 epulari
299 4077 419 4142 paterna
436 4063 666 4144 magnificentia,
684 4077 713 4123 et
729 4085 746 4122 a
762 4083 866 4142 magna
882 4067 1016 4145 lautaque
1035 4069 1131 4125 culina

72 4175 122 4218 non
138 4161 317 4239 degenerare
335 4161 424 4219 solet.
