3074 4990
500 463 684 530 SATIRA
713 461 859 526 NONA.

144 563 223 636 ttaec
237 569 300 639 soli
315 577 492 646 commissa
509 579 570 647 tibi
584 577 691 648 celare
707 591 892 662 memento,

143 683 188 748 Et
200 684 322 767 tacitus
338 703 468 758 nostras
484 675 619 758 intrate
637 689 703 782 fige
718 685 896 781 querelas:

144 792 233 860 Nam
248 819 300 864 res
313 793 486 867 mortifera
500 815 551 870 est
564 799 721 868 inimicus
735 797 868 891 pumice
882 795 975 866 levis.
1179 807 1213 878 95

144 901 211 988 Qui
224 903 327 973 modo
341 922 505 977 secretum
524 909 754 992 commiserat,
768 905 865 975 ardet
878 921 913 974 et
927 903 1019 991 odit,

144 1009 329 1104 Tamquam
342 1016 546 1109 prodiderim
564 1016 728 1111 quidquid
742 1018 813 1086 scio
824 1040 832 1084 τ
845 1039 979 1086 sumere
994 1011 1140 1102 ferrum,

50 1162 54 1170 ·
143 1121 245 1190 Fuste
262 1124 392 1218 aperire
405 1143 522 1222 caput,
538 1125 709 1196 candelam
723 1145 895 1221 apponere
914 1123 1018 1194 valvis

142 1230 176 1298 N
179 1253 223 1298 on
237 1231 371 1304 dubitat
383 1263 391 1304 :
405 1261 466 1306 nec
481 1252 693 1323 contemnas,
708 1251 767 1304 aut
779 1236 958 1330 despicias,
976 1235 1067 1330 quod

142 1341 203 1408 His
217 1343 338 1436 opibus
356 1371 540 1441 numquam
554 1371 630 1415 cara
644 1360 696 1416 est
708 1371 844 1416 annona
856 1348 991 1417 veneni.
1165 1377 1214 1412 roo

144 1451 234 1543 Ergo
248 1453 381 1521 occulta
394 1470 503 1549 teges,
518 1470 557 1524 ut
570 1455 663 1524 curia
676 1455 797 1523 Martis
811 1455 963 1526 Athenis.

555 1601 799 1650 iuventtis,

192 1695 224 1762 Ο
239 1697 415 1791 Corydon,
430 1697 606 1794 Corydon!
624 1704 794 1768 secretum
808 1699 921 1768 divitis
935 1697 1042 1768 ullum

144 1807 225 1871 Esse
239 1821 336 1897 putas
346 1807 361 1875 Ρ
373 1810 459 1876 servi
474 1823 511 1876 ut
527 1823 676 1894 taceant,
689 1809 844 1902 jumenta
858 1808 1054 1902 loquuntur,

142 1915 188 1981 Et
207 1917 316 2004 canis,
332 1933 368 1987 et
381 1935 511 2013 postes,
530 1935 563 1988 et
581 1943 767 1988 marmora:
780 1919 897 1988 claude
912 1918 1091 2004 fenestras,

144 2022 228 2091 Vela
244 2040 357 2120 tegant
374 2029 488 2114 rimas,
502 2028 607 2123 junge
625 2029 724 2114 ostia,
740 2027 847 2097 tollito
863 2028 977 2097 lumen
1164 2041 1213 2094 105

143 2135 171 2200 E
188 2136 318 2224 medio;
337 2137 482 2208 clamant
498 2165 615 2207 omncs
633 2164 640 2207 :
658 2163 765 2234 prope
783 2163 883 2206 nemo
900 2139 1090 2225 recumbat}

141 2244 244 2332 Quod
262 2263 372 2315 tamen
390 2249 432 2316 ad
451 2264 586 2317 cantum
603 2247 682 2342 galli
697 2248 780 2317 facit
795 2247 851 2316 ille
866 2249 1026 2334 secundi,

141 2426 193 2502 qui
207 2445 285 2484 mers
300 2428 377 2486 vices
399 2441 488 2506 geret.
507 2433 546 2487 At
561 2441 611 2502 tu,
633 2450 652 2487 o
669 2429 828 2499 luvenalis,
849 2427 932 2499 vide,
954 2447 1067 2502 quaeso,
1087 2446 1123 2483 ue
1138 2447 1214 2484 meas

143 2519 302 2593 ejusmodi,
317 2541 387 2597 quas
397 2524 520 2580 tibi-soli
531 2524 645 2600 operio,
659 2523 790 2598 querelas
801 2521 933 2597 cuiquam
947 2521 1069 2596 prodas:
1083 2521 1145 2576 illas
1157 2521 1218 2576 imo

138 2611 169 2666 in
185 2624 306 2686 pectore
320 2613 422 2671 infixas
438 2615 540 2672 tacitus
551 2635 642 2672 servu.
660 2615 802 2689 Cupitules
816 2613 893 2670 enim
909 2624 938 2670 et
952 2613 1099 2687 pestiferas
1109 2623 1215 2688 gerunt

138 2703 304 2761 inimicitius
318 2705 366 2762 isti
377 2707 478 2764 molles
487 2718 516 2762 et
529 2706 686 2764 effeminati
695 2705 831 2780 patroni,
842 2704 893 2779 qui
905 2715 1000 2761 cutem
1013 2704 1127 2780 pumice
1141 2703 1214 2760 levi-

143 2807 222 2870 gent.
234 2797 296 2865 Qui
308 2797 379 2853 mibi
388 2800 475 2873 poulo
489 2809 556 2854 aute
565 2815 666 2854 arcane
677 2816 726 2854 sua
736 2796 856 2854 credere
864 2815 924 2852 non
934 2793 1128 2864 dubitaverat,
1138 2795 1216 2851 idem

139 2889 246 2943 oborta
259 2889 320 2944 levi
340 2889 500 2964 suspicione
517 2889 664 2959 aestuabit3
684 2887 754 2944 odio
771 2887 801 2943 in
820 2906 867 2944 me
881 2886 1121 2956 inflammabitur3
1135 2886 1217 2960 quasi

136 2978 1214 3056 secreturumibiabipsocommissumerulgaverim,stringetiumelerrum
1269 3051 1273 3058 ν

138 3072 293 3146 improbus
298 3115 308 3142 ,
319 3084 407 3147 caput
416 3073 520 3131 buculo
530 3074 724 3143 comminuet,
733 3072 831 3149 ignem
839 3073 949 3130 loribus
959 3091 1028 3129 meae
1038 3073 1142 3130 domus
1150 3073 1216 3130 sub·

134 3162 228 3234 jicere
248 3183 309 3220 nou
333 3163 487 3221 dubitabit.
504 3167 605 3240 Neque
624 3185 695 3222 vero
716 3165 789 3220 nihil
810 3165 910 3222 credas
926 3165 1047 3239 periculi
1068 3165 1105 3220 ob
1125 3184 1214 3220 avaro

137 3254 309 3312 imminere:
323 3275 412 3330 quum
427 3257 532 3332 opibus
545 3256 660 3327 affluat,
674 3268 807 3332 suppetet
817 3257 861 3312 illi
870 3256 966 3327 facile,
978 3257 1055 3314 unde
1069 3276 1214 3328 venenum

139 3357 240 3420 paret,
256 3365 413 3421 necemque
429 3348 501 3403 mibi
517 3348 662 3404 moliatur.
677 3349 846 3406 Memineris
860 3347 951 3426 igitur
967 3351 1027 3404 haec
1040 3360 1137 3404 nostra
1153 3367 1214 3405 nou

139 3436 250 3494 minori
264 3438 356 3494 celare
370 3436 443 3508 lide,
455 3457 542 3514 quum
559 3439 742 3516 Areopagitae
760 3460 809 3496 sua
825 3441 1079 3497 senatusconsulta.

187 3547 250 3586 roa.
270 3549 335 3586 rur.
356 3532 423 3600 Nae,
435 3542 468 3587 tu
484 3532 573 3588 homo
588 3533 712 3601 rustice,
727 3533 895 3607 simplexne
911 3532 1006 3588 bonus
1022 3533 1064 3588 es!
1082 3530 1217 3600 Naevole,

134 3625 191 3700 qui
204 3625 303 3682 eredas
315 3625 412 3681 arcani
431 3625 543 3702 aliquid
555 3627 588 3682 in
601 3627 725 3683 divitum
740 3627 874 3683 domibus
891 3645 951 3682 esse
965 3645 1058 3701 posse.
1075 3627 1218 3696 Quamvis

133 3717 282 3792 mancipia
292 3717 411 3788 sileant,
420 3717 550 3790 jumenta
559 3737 661 3774 rocem
672 3717 805 3784 mittent,
819 3729 847 3774 et
858 3737 956 3790 canes,
969 3731 997 3776 et
1007 3718 1101 3792 januae
1110 3761 1118 3789 ‚
1128 3731 1156 3776 et
1167 3739 1216 3794 pa·

134 3811 224 3868 rietes
247 3811 321 3866 muti
338 3811 507 3885 loquentur.
524 3813 672 3868 Fenestrus
694 3810 831 3880 occlude,
854 3811 939 3867 rimas
955 3831 1056 3868 omues
1076 3811 1216 3885 oppositis

133 3901 210 3958 velis
224 3901 344 3970 obturo,
357 3903 455 3957 valvus
469 3901 589 3972 obsera,
611 3903 709 3958 lumen
723 3921 859 3960 remove:
872 3905 1078 3961 omnesstutim
1093 3904 1217 3960 clamant

132 4005 165 4049 et
187 3995 384 4063 invehuntur3
402 3994 492 4050 immo
507 3995 625 4051 arbitris
647 3995 728 4050 locus
748 4007 844 4067 vucet3
866 3996 1055 4052 nihilominus
1071 3995 1216 4068 quidquid

130 4086 290 4161 improbus
302 4087 474 4162 intempesta
488 4098 590 4158 nocte,
604 4097 757 4162 antequam
771 4090 863 4164 gallus
873 4089 979 4146 itemm
992 4088 1119 4158 occinnt,
1134 4087 1200 4145 fucit
1208 4129 1218 4158 ,

132 4180 194 4236 hoe
208 4178 342 4250 vicinus,
354 4178 524 4254 priusquam
539 4179 683 4250 illuxerit,
699 4198 791 4256 caupo
808 4182 929 4240 nesciet:
942 4182 1019 4239 idem
1035 4182 1132 4239 audiet
1145 4199 1215 4237 nar·
