2992 4984
192 423 243 488 IN
265 420 489 488 SATIRAM
512 417 756 484 DECIMAM
779 413 1034 502 QUARTAM.
1081 415 1143 484 365

102 537 176 599 Crassi,
194 539 254 602 regis
272 538 411 602 Lydorum,
432 536 522 584 divitias
538 535 579 583 eni
595 550 648 583 non
664 545 721 582 sont
733 534 840 583 auditas?
857 561 892 573 -
912 535 958 584 Vel
972 532 1085 597 Persica,
1104 535 1144 582 16.

128 637 184 685 Vas.
203 637 260 698 ³²9·
278 634 419 704 Sssffies'usst,
432 627 476 695 '²7-

126 728 186 780 Nor.
205 728 264 780 sto.
284 727 413 780 Claudius
424 727 493 794 Imp.
504 724 666 778 'libertorum
678 722 814 795 praecipue
824 723 943 795 suspexit
955 721 1084 786 Posiden,
1097 724 1145 777 Fe·

98 809 175 869 licem,
187 809 365 881 Harpocram,
380 809 536 883 Polybium,
556 808 604 862 sed
616 820 678 861 ante
691 825 782 862 omnes
794 811 949 872 Narcissum,
961 808 997 861 ab
1011 808 1145 880 epistolis,

97 907 118 945 et
125 894 279 958 Pallantem,
291 912 308 947 a
320 893 484 954 rationibus,
498 909 581 962 quos,
592 890 701 944 decreto
714 911 822 965 quoque
832 904 954 958 senatus,
965 911 1019 946 non
1030 892 1147 964 premiis

96 976 164 1030 modo
178 978 345 1048 ingentibus,
358 975 405 1031 sed
422 988 449 1030 et
460 975 608 1048 questoriis
625 975 810 1046 praetoriisque
826 975 990 1029 ornamentis
1008 975 1099 1028 ornari
1114 976 1147 1028 li·

96 1059 175 1112 benter
183 1076 276 1130 passus
289 1069 343 1124 est;
355 1069 459 1111 tantum
469 1068 596 1128 praterea
611 1055 753 1128 adquirere
764 1069 789 1110 et
801 1074 894 1128 rapere
904 1057 952 1127 (h.
968 1056 1020 1110 loo.
1031 1060 1145 1119 indulsit,

96 1142 213 1214 permisit,
223 1143 308 1192 omnia
319 1141 433 1203 scelera,
445 1151 495 1193 etc.
504 1143 530 1211 ),
541 1151 585 1205 ut,
600 1151 726 1211 querente
736 1159 769 1194 eo
783 1138 919 1212 quondam
931 1139 965 1194 de
973 1139 1031 1194 fisci
1044 1142 1147 1212 exigui·

96 1237 151 1288 tate,
163 1243 215 1277 non
228 1223 346 1277 absurde
354 1224 389 1277 sit
402 1220 505 1277 dictum
515 1240 522 1275 τ
531 1226 712 1274 abundaturum
721 1264 730 1289 ,
739 1226 763 1276 si
770 1244 788 1275 ss
800 1227 894 1275 duobus
904 1227 995 1277 libertis
1007 1227 1032 1275 in
1044 1239 1146 1278 consar-

93 1310 142 1358 u'sss
150 1310 296 1376 reciperetur.
307 1307 444 1360 Hseosnnt
453 1306 536 1360 verba
552 1306 624 1360 Suet.
644 1305 740 1360 Claud.
755 1325 813 1378 cap.
830 1308 876 1366 ²8,
889 1325 948 1380 qna
960 1309 1145 1362 commentarii

94 1392 145 1443 loeo
161 1388 298 1462 adscripti.
317 1389 448 1460 Νάρκισσος
461 1390 572 1460 μέγιστον
591 1395 637 1440 τῶν
650 1389 704 1439 τότι
717 1389 847 1460 ἀνθρώπων
863 1385 976 1449 δυνηθείς·
987 1385 1105 1462 μυριάδας
1118 1410 1145 1442 rs

93 1477 133 1548 γὰρ
151 1475 240 1536 etaient
256 1473 346 1546 pupius
363 1469 430 1540 εἶχε,
450 1470 492 1524 asi
507 1475 633 1544 προσεῖχον
647 1475 713 1541 αὐτῷ
734 1473 815 1532 πόλιος
832 1470 874 1524 ssi
890 1471 1008 1536 Θασολιῖς,
1028 1486 1079 1527 eto.
1092 1474 1146 1526 Dio

93 1561 154 1612 Cass.
167 1561 223 1625 Lx,
235 1577 298 1632 pag.
312 1559 365 1612 68⁸
377 1559 409 1611 C.
421 1587 457 1600 -
468 1561 586 1622 Uxorem,
597 1558 786 1623 Messalinam,
795 1576 856 1629 quas
862 1571 973 1631 propter
983 1558 1145 1613 adulterium

93 1657 115 1696 et
126 1644 223 1714 nuptias
236 1661 299 1696 num
314 1643 380 1696 Silio
391 1641 498 1714 aliaque
512 1639 630 1712 flagitia,
641 1654 750 1695 auctore
764 1641 933 1712 potissimum
948 1643 1085 1707 Narcisso,
1098 1661 1144 1696 oc-

93 1725 140 1778 cisa
160 1739 210 1792 est,
226 1726 312 1778 inscio
331 1739 359 1779 et
377 1725 462 1779 invito
482 1723 614 1787 Claudio,
630 1725 677 1798 qui
698 1721 805 1776 reniam
823 1725 848 1776 ei
868 1723 980 1777 daturus
1003 1736 1075 1789 erat,
1095 1724 1146 1777 nisi

94 1808 191 1862 libertus
205 1809 250 1862 illa
263 1805 364 1863 oedem
376 1809 535 1862 festinasset.
548 1808 628 1862 Conf.
647 1807 682 1861 ad
699 1809 740 1872 X,
755 1807 815 1871 sss.
834 1811 885 1862 Res
900 1821 965 1863 nota
977 1827 1008 1862 ex
1020 1803 1091 1862 Suet.
1104 1809 1144 1861 Cl.

97 1895 131 1954 οὗ,
149 1910 186 1962 ²9,
201 1898 242 1965 39,
255 1906 282 1946 et
293 1893 366 1965 isspr.
376 1893 443 1945 Tac.
455 1893 522 1945 dnn.
536 1893 594 1958 xl,
610 1911 657 1957 rs,
672 1891 784 1946 26-38.
