3074 4990
358 467 400 530 72
439 449 480 513 D.
502 449 629 514 JUNII
650 451 912 518 JUVENALIS
935 451 1109 518 SATIRA
1132 453 1328 520 naalma

357 563 444 630 Nam
461 589 523 657 pro
538 565 696 657 jucundis
716 568 883 661 aptissima
899 593 1039 664 quaeque
1057 567 1184 637 dabunt
1199 567 1256 638 dl:

355 671 472 740 Carior
485 687 533 741 est
550 671 611 742 illis
627 675 745 762 homo,
762 702 860 769 quam
876 677 946 746 sibi.
965 679 1036 747 Nos
1051 678 1242 748 animorum
1362 689 1418 744 350

353 777 520 870 Impulsu,
538 795 571 849 et
586 806 670 852 caeca
686 807 872 877 magnaque
887 785 1047 879 cupidine
1063 785 1157 856 ducti

352 887 555 981 Conjugium
572 894 727 985 petimus,
746 907 946 987 partumque
965 897 1101 966 uxoris:
1125 911 1159 964 at
1178 893 1241 964 illia

352 995 496 1085 Notum,
516 999 573 1090 qui
591 1000 704 1094 pueri,
724 999 896 1095 qualisque
911 1001 1024 1072 futura
1043 1005 1086 1073 sit
1101 1029 1196 1074 uxor.

352 1103 401 1173 Ut
413 1119 521 1177 tamen
534 1122 567 1177 et
578 1133 693 1203 poscas
705 1108 846 1204 aliquid,
860 1135 1047 1207 voveasque
1061 1111 1189 1183 sacellis

352 1215 436 1283 Exta
448 1231 480 1286 et
496 1216 663 1286 candiduli
680 1219 792 1288 diviua
806 1221 971 1290 tomacula
986 1223 1102 1316 porci,
1363 1229 1415 1284 ³⁵5

352 1324 526 1394 Orandum
542 1341 609 1409 est,
623 1341 661 1396 ut
674 1328 716 1396 sit
728 1352 822 1398 mens
837 1354 916 1398 sana
929 1331 963 1398 in
978 1355 1122 1426 corpore
1134 1353 1225 1400 sano.

351 1434 485 1502 Fortem
501 1459 601 1528 posce
615 1437 781 1524 animum,
796 1439 913 1508 mortis
930 1454 1060 1509 terrore
1077 1454 1264 1522 carentem,

351 1541 419 1630 Qui
433 1545 576 1637 spatium
590 1546 665 1618 vitae
677 1561 863 1616 extremum
877 1547 964 1618 inter
981 1573 1121 1618 munera
1137 1563 1241 1642 ponat
1306 1585 1310 1594 =

351 1653 504 1737 Naturae,
519 1654 576 1746 qui
590 1653 680 1723 ferre
694 1671 794 1750 queat
808 1681 1037 1752 quoscumque
1049 1657 1195 1744 labores,

351 1760 490 1844 Nesciat
506 1762 621 1848 irasci,
636 1762 750 1855 cupiat
763 1763 862 1849 nihil,
877 1780 912 1834 et
924 1767 1071 1858 potiores
1358 1779 1415 1832 360

350 1867 501 1938 Herculis
516 1895 678 1945 erumnas
691 1872 805 1942 eredat
817 1899 987 1969 saevosque
1000 1874 1146 1960 labores,

349 1981 393 2048 Et
404 1982 550 2068 Venere,
564 1997 598 2052 et
615 1984 733 2068 coenis,
744 1999 777 2053 et
791 1983 905 2078 pluma
919 1985 1144 2080 Sardanapali.

350 2089 519 2174 Monstro,
534 2092 626 2185 quod
644 2093 716 2186 ipse
730 2093 792 2162 tibi
804 2093 912 2187 possis
926 2093 1025 2164 dare:
1040 2094 1155 2176 semita
1169 2108 1258 2163 certe

350 2199 552 2295 Tranquillae
565 2227 626 2296 per
642 2204 800 2273 virtutem
817 2219 910 2299 patet
922 2205 1021 2274 unica
1034 2205 1122 2273 vitre.

350 2307 488 2378 Nullum
507 2333 633 2380 numen
651 2311 771 2399 habes,
790 2315 816 2382 si
834 2315 875 2384 sit
894 2313 1088 2408 prudentia3
1102 2335 1163 2380 nos
1180 2325 1213 2378 te
1358 2323 1412 2380 365

350 2420 422 2488 Nos
437 2418 593 2504 facimus,
610 2423 776 2510 Fortuna,
792 2423 903 2511 deam,
920 2421 1068 2516 caeloque
1083 2420 1240 2491 locamus.

349 2614 455 2690 quippe
471 2615 576 2690 quibus
589 2618 728 2688 cariores,
743 2637 829 2692 quam
842 2618 927 2674 nobis
938 2616 1007 2692 ipsi,
1021 2617 1118 2674 simus.
1130 2617 1191 2672 Noa
1201 2631 1275 2670 ceco
1291 2623 1320 2667 et
1334 2629 1415 2686 prae-

347 2706 428 2781 cipiti
438 2707 563 2783 quodam
576 2709 738 2766 animorum
747 2711 857 2786 impetn
867 2720 896 2767 at
907 2707 1062 2783 cupiditate
1071 2705 1185 2782 impulsi
1194 2702 1413 2762 matrimonium

348 2799 522 2874 expetimus,
543 2811 572 2856 et
591 2801 721 2878 conjugia
742 2813 879 2877 partum:
896 2811 926 2857 at
947 2784 1056 2855 norunt
1074 2797 1194 2872 Superi,
1212 2796 1303 2872 qualis
1318 2813 1412 2863 uxor,

349 2891 439 2964 qualia
452 2889 528 2947 lilius
545 2891 659 2948 futurus
672 2892 719 2948 eit.
736 2897 870 2949 Attamen
891 2903 923 2948 ut
943 2909 1042 2974 poscae
1056 2889 1186 2964 aliquid,
1208 2897 1236 2944 et
1249 2897 1282 2943 ut
1297 2885 1413 2960 templis

347 2982 455 3040 viscera
469 2984 669 3058 tomaculaque
680 2984 779 3042 divina
789 2981 934 3040 candiduli
946 2981 1066 3058 porcelli
1078 2999 1197 3050 voveas,
1207 2977 1362 3055 petendum
1371 2978 1412 3033 ab

347 3073 403 3130 illis
417 3074 472 3130 hoe
488 3092 595 3142 uuum,
612 3085 644 3130 ut
660 3085 756 3130 mente
771 3093 837 3130 aena
855 3071 983 3130 simulet
999 3090 1069 3128 sano
1081 3087 1205 3145 corpore
1222 3069 1279 3126 aia:
1295 3068 1413 3143 postula

346 3163 547 3220 fortitudinem
562 3175 592 3219 et
612 3164 705 3222 robur
718 3165 806 3222 enimi
814 3207 823 3236 ,
839 3163 890 3240 qui
903 3165 984 3222 nullo
997 3163 1100 3220 mortis
1115 3173 1195 3220 metu
1205 3161 1408 3237 perturbatum

346 3255 397 3330 qui
410 3255 477 3310 vitre
491 3266 602 3330 tempus
620 3255 756 3314 ultimum
770 3257 847 3312 iuter
861 3267 970 3318 naturae
982 3255 1119 3313 beneficia
1135 3264 1282 3324 numeret;
1300 3255 1351 3329 qni
1366 3255 1413 3310 le-

346 3343 444 3406 rendia
456 3347 684 3423 quibuscumque
700 3349 849 3414 laboribus
863 3367 931 3424 par,
949 3347 999 3423 qni
1011 3360 1115 3422 potens
1130 3347 1284 3405 iracundie
1298 3346 1412 3422 eupidi-

346 3439 470 3514 tatisqne
478 3438 531 3511 ait3
544 3437 595 3515 qui
606 3439 738 3496 Herculis
749 3457 889 3497 erumnas
899 3441 1079 3516 laboresque,
1090 3439 1295 3515 voluptatibus,
1307 3439 1411 3514 epulis,

346 3544 376 3589 et
384 3532 518 3589 mollibus
530 3530 716 3606 Sardanapali
724 3531 819 3588 atratis
830 3539 994 3607 anteponet.
1005 3534 1104 3589 Doceo
1116 3542 1144 3588 te
1156 3531 1318 3588 felicitatem
1328 3530 1412 3604 rujraa

346 3633 380 3679 tu
398 3624 502 3680 artilex
523 3622 578 3679 tibi
598 3640 658 3680 esse
676 3622 784 3698 possis:
799 3623 884 3679 unica
898 3623 976 3682 ratio
999 3624 1180 3682 traducendae
1202 3641 1254 3698 per
1270 3641 1412 3679 summam

347 3713 583 3788 tranquillitatem
603 3712 670 3770 vitae
687 3724 731 3770 est
746 3713 846 3770 virtus.
867 3715 894 3770 0
915 3717 1059 3783 Fortuna,
1076 3715 1184 3771 nullam
1202 3711 1261 3769 vim
1281 3712 1409 3769 divinam

345 3791 450 3876 trabea,
467 3805 491 3860 si
509 3823 643 3881 mgamnr
656 3806 826 3881 prudentia3
846 3823 899 3862 uos
915 3815 945 3866 te
959 3808 1049 3864 Deam
1064 3807 1199 3877 faciurum
1213 3824 1267 3863 nos
1286 3816 1314 3862 te
1332 3805 1411 3862 inter

347 3917 467 3974 superos
479 3898 660 3966 collocamus.

633 4187 1131 4228 W
