3042 4984
730 1531 968 1602 LECTORI.

352 1765 417 1818 Post
425 1762 499 1817 hunc
506 1776 627 1817 nostrum
634 1762 668 1816 de
677 1765 693 1816 J
696 1766 802 1819 uvensli
811 1765 932 1821 laborem
942 1777 1036 1829 restat,
1047 1777 1078 1817 ut
1086 1760 1282 1816 concludamus
1293 1759 1387 1814 esdem

318 1846 471 1921 pmfiteudo
492 1865 550 1918 quae
571 1847 711 1900 Crumerus
729 1849 808 1900 Notis
825 1849 880 1902 suis
900 1848 1053 1920 subjunxit,
1074 1847 1258 1899 umanumisso
1280 1844 1388 1898 tsndem

319 1951 414 2004 opere,
426 1932 452 1985 iu
467 1929 542 2003 quod
553 1930 666 1984 muitum
677 1931 834 2002 vigilantia,
846 1931 1008 1986 assiduitatis
1020 1948 1052 1984 sc
1062 1929 1164 1982 laboris
1173 1947 1216 1981 me
1228 1926 1390 2000 impendisse

320 2014 376 2070 sine
392 2012 493 2068 invidia
508 2031 540 2067 sc
550 2031 618 2066 rsus
631 2013 745 2085 gloriola
763 2015 885 2069 mihimet
894 2015 1017 2068 conscius
1029 2031 1096 2068 sum.
1113 2010 1197 2078 Quod
1209 2012 1231 2064 si
1244 2012 1305 2084 quis
1319 2013 1390 2064 lecto

319 2117 351 2152 eo
362 2096 437 2150 diest
452 2115 494 2150 me
508 2096 537 2150 iu
549 2097 641 2150 multis
648 2115 763 2162 errasse,
777 2098 803 2150 in
815 2099 874 2152 sliis
885 2098 1027 2152 obscurum
1038 2108 1064 2150 et
1075 2095 1211 2148 sinistram
1220 2093 1390 2166 diligentiam

319 2181 486 2254 prestitisse,
509 2199 563 2233 nou
582 2183 755 2253 repugnabo,
779 2181 934 2236 hortamen
951 2181 1054 2252 rogabo
1071 2179 1182 2232 meliors
1194 2189 1331 2250 prestet·
1357 2208 1391 2218 -

321 2267 403 2319 Nunc
410 2263 547 2318 veniamus
557 2262 591 2316 ad
601 2264 721 2318 Indidem
731 2285 819 2320 rerum
829 2278 855 2319 et
864 2267 1006 2320 verborum
1017 2281 1075 2336 qus·
1085 2263 1113 2314 in
1125 2261 1220 2315 Satiris
1230 2274 1389 2314 occurrunt:

323 2349 395 2401 huuc
410 2347 650 2419 locupletissimum
661 2361 728 2410 etex
740 2349 814 2403 omui
823 2362 898 2421 purte
908 2349 1060 2411 ,absolutum
1074 2345 1180 2400 effinse
1191 2343 1393 2397 onustissimus.

324 2434 417 2488 Multa
429 2451 471 2486 res
484 2450 515 2485 uc
527 2452 621 2498 voces,
633 2454 687 2487 nou
699 2433 750 2486 uisi
762 2436 788 2486 iu
804 2435 868 2486 Vsr.
884 2435 968 2486 Leett.
982 2431 1024 2484 vel
1041 2431 1067 2482 iu
1078 2429 1227 2482 Comment.
1242 2425 1392 2500 quaereudae

323 2518 415 2590 ibique
429 2517 565 2570 illustrata
575 2557 583 2582 ‚
595 2515 752 2572 indicantur
768 2518 852 2570 literis
868 2523 896 2570 V.
913 2521 940 2568 t.
956 2527 982 2567 et
993 2517 1026 2566 N.
1042 2512 1159 2566 Nomina
1170 2511 1284 2584 propris
1296 2510 1392 2563 italicis

324 2600 421 2664 literis,
437 2611 524 2654 cetera
533 2599 651 2654 romuuis
663 2599 862 2654 characteribus
875 2609 1025 2652 exarantur.
1039 2595 1092 2647 En.
