3036 4984
317 435 361 500 90
471 411 955 494 sVARIAEIEC'I'IONES
978 413 1041 476 ΕΤ
1062 411 1215 478 NOTAE

304 525 397 580 ‘Corte
407 531 481 578 I‘eris.
493 530 582 594 probb.
595 531 703 578 Meuciu.
715 532 815 578 Ascsus.
829 541 852 576 et
863 529 957 578 Culder.
976 531 1012 577 Its
1024 530 1192 594 designaretur
1205 529 1291 577 iussus
1301 526 1376 574 ludo·

319 631 372 662 rum
386 614 537 662 Circensium
549 613 738 677 spectandorum
747 613 878 676 cupidites,
890 629 938 675 qus
948 613 1053 660 uomet
1066 613 1190 661 nrdebssc
1199 611 1270 660 eous.
1279 625 1333 674 que
1344 608 1377 656 de

313 715 401 763 pauco
409 698 518 745 dicemus
527 697 587 744 infre
598 697 630 744 sd
639 699 688 754 11,
702 699 763 760 ⁴9⁶2
774 697 800 744 iu
807 696 901 744 Cotum.
914 695 961 742 Sed
969 697 1031 744 susle
1040 698 1075 745 sic
1085 710 1235 761 synonyme,
1244 709 1341 758 paucus
1352 701 1378 739 et

320 782 449 839 Circenses,
457 783 617 844 iungerentur
626 781 673 829 hcc
682 781 751 838 luco,
762 780 805 828 ubi
815 796 897 827 serum
904 791 940 826 cst
949 780 980 826 de
988 780 1091 842 populo,
1099 780 1162 826 ditus
1172 795 1207 826 m
1218 793 1268 842 pne
1278 775 1379 838 reliquis

318 875 425 928 optante.
451 865 540 912 Nostra
559 865 631 912 lecti0
647 865 725 927 aptior
739 873 763 909 et
777 863 903 911 venustior
919 870 955 909 est
974 861 1073 922 ceteris,
1089 871 1113 909 st
1127 861 1165 908 he
1182 877 1213 908 ex
1228 857 1378 922 compendio

320 948 446 1012 scripture
457 957 523 994 ortes.

353 1041 421 1092 Nor.
440 1039 472 1091 81
486 1057 544 1110 sqq.
564 1037 711 1109 Responsio
728 1038 841 1089 eliorum
855 1036 970 1098 cisium,
983 1053 1097 1107 quornm
1108 1036 1211 1088 enimus
1223 1032 1339 1097 servilis,
1350 1047 1381 1086 et

319 1134 404 1174 metus
420 1123 525 1194 tyranni
540 1120 644 1192 egregie
658 1119 836 1174 declarentur.
852 1124 940 1172 nutus
952 1121 1041 1193 Sejuui
1058 1121 1175 1184 emices,
1192 1122 1233 1172 vel
1242 1132 1383 1190 suspectos
1398 1109 1402 1116 ’

321 1218 392 1258 certe
407 1203 441 1256 de
455 1203 572 1258 amicitia
584 1207 667 1275 ejus-¹

355 1303 424 1354 Nor.
443 1301 485 1352 82.
504 1299 594 1352 Verba
607 1301 651 1350 Nil
662 1301 774 1364 dulium,
784 1317 875 1366 magua
888 1313 925 1349 est
931 1301 1075 1364 somacuia,
1084 1299 1168 1352 tribui
1178 1299 1258 1352 etium
1268 1311 1382 1370 possunt

320 1383 379 1436 eliis
386 1381 489 1436 civibus
498 1380 859 1453 respondentibus-liquo
872 1385 1053 1453 estsomacula‚
1061 1383 1087 1435 in
1100 1401 1153 1454 quc
1166 1383 1277 1454 Sejanus
1289 1379 1382 1446 ardet,

321 1477 348 1520 et
360 1483 418 1537 qun
430 1483 553 1536 magnum
566 1465 706 1518 hominum
718 1464 917 1519 multitudinem
934 1467 1013 1538 cupit.
1028 1467 1105 1520 Cous.
1118 1487 1154 1520 vs.
1172 1471 1202 1519 61
1217 1487 1270 1538 seq.
1280 1475 1289 1500 ¹
1301 1466 1384 1518 Poeta

322 1563 410 1604 nutem
422 1549 492 1624 ludit¹
506 1548 641 1602 antithetis
654 1567 745 1619 magua
758 1551 940 1617 etfurncculu3
953 1549 1020 1603 Lub.
1034 1562 1061 1603 et
1074 1550 1141 1603 Acts.
1169 1581 1205 1591 -
1231 1552 1385 1612 Pallidum,

324 1647 396 1688 metu
405 1633 508 1687 mortis.
524 1631 621 1703 Lepide
630 1633 740 1704 ponitur
750 1630 901 1686 diminutis.

359 1793 424 1838 Vsu.
443 1791 484 1837 83.
503 1786 640 1844 Bmttidius,
653 1803 693 1836 uo.
702 1786 830 1846 canidius,
840 1789 881 1844 45.
893 1787 1022 1848 Buttidius,
1039 1805 1067 1849 ¹7
1079 1805 1137 1836 ιι.
1149 1803 1188 1854 pr.
1199 1815 1235 1826 —
1245 1788 1290 1835 Ad
1298 1787 1387 1836 Hunis

318 1872 389 1941 sugit
400 1889 471 1934 ocyus
484 1887 555 1920 urum
567 1909 574 1934 ,
592 1871 619 1918 iu
631 1887 659 1918 ee
669 1871 810 1935 presidium
824 1873 981 1929 inventurae,
990 1874 1055 1932 eouj.
1065 1871 1194 1920 Doridem.

360 1967 430 2017 Nor.
452 1963 493 2016 83.
512 1965 633 2014 Brutidius
649 1959 740 2032 Niger,
754 1961 863 2028 AEdilis,
877 1963 969 2015 rhetor
984 1976 1011 2016 et
1026 1964 1184 2026 historicus,
1203 1961 1306 2034 dequo
1325 1961 1390 2015 ride

326 2050 391 2102 Tse.
405 2050 473 2100 Aun.
487 2047 544 2109 111,
559 2049 606 2109 66,
619 2058 646 2098 et
658 2047 750 2098 Seuec.
764 2045 872 2099 Sussor.
885 2045 949 2097 vtt.
965 2051 1034 2096 Meus
1048 2045 1157 2098 emicus.
1172 2045 1305 2098 scholio
1319 2043 1392 2097 Cod.

326 2133 399 2184 Alex.
412 2143 468 2184 est:
483 2132 622 2180 «timidius
638 2130 739 2182 euticus
752 2129 854 2200 Sejsni,
870 2147 930 2182 cnut
944 2128 992 2181 illo
1003 2128 1118 2181 interfici
1129 2132 1232 2202 jussum
1248 2141 1275 2182 et
1284 2141 1325 2182 est
1337 2145 1390 2182 vox

327 2214 423 2286 populi
433 2231 440 2265 :
450 2215 531 2266 obvius
536 2214 590 2281 fuit
599 2215 660 2264 mili
671 2214 803 2278 Brutidiun
818 2231 902 2284 quum
916 2211 1057 2264 duceretur
1069 2212 1104 2265 ed
1115 2225 1235 2265 mortem.
1245 2237 1256 2258 ι
1266 2216 1310 2263 Ad
1319 2231 1392 2264 vem

328 2299 417 2348 Mareu
433 2295 500 2347 forte
511 2294 626 2358 Ultoris,
641 2297 717 2367 cujus
730 2293 798 2348 edes
811 2295 862 2346 luit
872 2293 900 2345 iu
913 2294 974 2346 loro
986 2293 1108 2364 Augusti,
1118 2293 1172 2347 vid.
1183 2296 1255 2346 Suet.
1267 2296 1336 2364 Aug.
1350 2313 1394 2362 ²9·

328 2382 361 2437 Iu
381 2379 539 2449 vicissetque
559 2377 624 2431 ioris
640 2397 691 2430 ure
706 2389 783 2430 erent
796 2388 936 2430 exstruct!
954 2376 1010 2430 sine
1027 2376 1149 2448 templis,
1170 2389 1199 2429 ιιι
1218 2396 1263 2428 am
1278 2380 1392 2428 maxim

331 2461 442 2514 Herculi
461 2459 565 2525 dicatu
578 2460 645 2513 ech.

365 2563 435 2612 Nor.
455 2559 502 2620 84,
523 2557 565 2610 85.
586 2563 678 2625 Quum,
699 2567 878 2627 quantopere,
896 2554 1010 2620 ιηιιιιο,3
1028 2575 1062 2608 ne
1078 2555 1218 2620 Tiberius,
1236 2559 1302 2606 maie
1320 2573 1349 2608 se
1368 2567 1398 2608 et

329 2645 493 2713 mejestetcm
505 2657 580 2690 suem
590 2657 605 2691 e
615 2649 708 2690 seuetu
718 2650 744 2689 et
752 2636 855 2689 civibus
865 2637 992 2702 defensam
1002 2651 1075 2690 retus
1084 2651 1110 2694 et
1116 2657 1243 2710 urguens,
1252 2639 1292 2690 ire
1303 2637 1398 2690 iurene

325 2743 415 2793 poeuus
427 2722 461 2776 de
475 2723 507 2775 iis
522 2724 620 2789 exigue,
634 2738 708 2791 esque
723 2737 753 2772 ec
773 2724 858 2788 edjau,
873 2719 1026 2772 Telamonis
1040 2719 1125 2786 lilius,
1140 2722 1200 2794 qui,
1214 2739 1298 2794 quum
1313 2721 1340 2772 in
1351 2722 1399 2791 ju-

330 2805 403 2860 dicio
424 2825 503 2877 super
518 2805 598 2857 ermis
619 2803 730 2855 echtttis
747 2803 857 2868 habito,
872 2807 953 2856 uictus
974 2818 1041 2858 essct
1060 2801 1214 2878 eloquentie
1236 2805 1344 2879 Ulyssis
1365 2822 1399 2856 ec

331 2897 395 2946 reale
404 2894 516 2960 definsus
527 2909 542 2943 e
552 2889 661 2951 Grecis,
670 2887 781 2942 testibus
793 2889 898 2940 virtutis
908 2907 960 2940 scre
968 2887 1041 2956 (vide
1052 2887 1087 2942 ed
1097 2891 1167 2954 Vtt,
1182 2891 1250 2958 115),
1260 2906 1291 2941 ex
1302 2887 1400 2940 dolore

332 2987 358 3024 et
373 2975 413 3026 ire
425 2974 452 3025 in
463 2972 565 3025 rabiem
578 2989 685 3035 versus,
698 2969 791 3040 gladio
805 2983 831 3024 et
848 2969 956 3040 flagello
969 2971 997 3023 in
1012 2971 1128 3043 pecudes
1141 2973 1234 3034 irruit,
1244 2985 1319 3024 retus
1330 2989 1359 3023 se
1370 2971 1400 3022 in

333 3057 437 3126 plebem
455 3074 485 3107 sc
501 3055 634 3125 principes
648 3055 802 3106 Grecosum
817 3054 906 3106 sevire
919 3072 925 3106 :
938 3053 972 3106 de
985 3073 1039 3126 quo
1053 3054 1108 3108 vid.
1124 3055 1266 3126 Sophoclis
1278 3054 1336 3114 Alce
1350 3073 1400 3124 pu-

334 3139 487 3209 στιγιφόρος,
501 3149 528 3188 et
538 3137 608 3188 inire
621 3134 655 3188 nd
667 3138 744 3200 XIV,
756 3138 816 3189 286.
831 3137 960 3189 Prcclere
974 3139 1139 3210 comperetio
1148 3136 1266 3202 Tiberii,
1278 3137 1325 3208 qui
1335 3149 1403 3207 post

321 3218 471 3270 interitum
487 3217 591 3288 sejani,
605 3217 728 3268 immanis
738 3218 835 3271 belluae
848 3219 1016 3290 hominisque
1027 3217 1167 3271 furibundi
1178 3219 1271 3282 hister,
1282 3219 1310 3270 in
1321 3236 1406 3272 omne

336 3301 434 3353 civium
449 3317 532 3369 genus
548 3297 729 3352 crudelissime
746 3299 829 3352 seviit
839 3303 849 3368 (
857 3299 918 3353 vide
932 3301 1003 3353 Suet.
1019 3301 1082 3354 Tib.
1099 3320 1157 3373 cap.
1171 3305 1202 3353 61
1218 3315 1245 3354 et
1258 3305 1291 3354 62
1303 3301 1324 3368 ),
1337 3319 1404 3353 cum

335 3385 413 3455 Ajece
423 3382 534 3434 furente.
545 3379 625 3432 Forte
633 3382 713 3433 etiem
722 3381 844 3433 satiricus
853 3393 931 3452 poete
941 3383 1059 3454 respexit
1069 3395 1125 3436 tum
1136 3385 1246 3436 stultum
1256 3383 1404 3456 ignaviam,

335 3480 392 3520 tum
409 3465 586 3519 innocentium
602 3465 796 3527 Romanorum,
812 3482 881 3534 quos
894 3464 1038 3518 insectatus
1055 3479 1094 3519 est
1107 3479 1253 3538 tyrannus,
1273 3479 1405 3537 tunquam

333 3570 424 3618 pecora
436 3561 534 3613 essent,
545 3567 599 3600 nou
612 3545 761 3600 homines.⁴
772 3577 805 3588 -
817 3549 902 3599 Vetus
916 3547 1006 3600 Schol.
1019 3548 1058 3601 sic
1070 3548 1188 3620 explicet
1203 3550 1230 3601 ri
1242 3551 1323 3600 uictus
1333 3569 1342 3600 :
1352 3573 1365 3594 ι
1376 3548 1407 3602 si

296 3863 302 3878 .
377 3833 387 3858 ¹
406 3827 465 3876 vid.
486 3827 534 3874 Dio
546 3827 612 3874 Cees.
628 3827 727 3883 LVIII,
743 3842 768 3885 7,
783 3827 815 3886 8,
829 3837 853 3872 et
896 3826 996 3873 maximi
1015 3824 1104 3873 excidii
1120 3834 1144 3871 et
1159 3825 1249 3873 luroris
1267 3833 1411 3872 moventur.

342 3909 411 3956 Sust-
419 3906 504 3954 Tibe.
514 3907 556 3953 tit.
931 3901 943 3940 ³
961 3905 1024 3953 Vide
1035 3905 1120 3952 Heius.
1134 3904 1164 3951 sd
1177 3905 1263 3952 Ovidii
1274 3905 1411 3952 Metamor.

377 3991 388 4017 ²
407 3986 458 4032 etit
477 3993 624 4049 exponunt:
645 3985 680 4031 ire
698 3986 852 4049 Imperetcris
895 3985 976 4044 VIII,
995 3987 1038 4040 cs.

340 4069 439 4114 incense
458 4075 496 4112 est
518 4074 542 4112 et
565 4075 656 4112 acuet.
675 4065 852 4114 britennicus:
931 4058 1065 4110 4Μίιιὶιιιι
1075 4061 1213 4108 certcmihi
1226 4059 1356 4126 probsnds
1370 4059 1412 4106 vi·

341 4161 455 4210 maguum
474 4156 510 4194 est
526 4144 681 4204 incendIutu,
691 4143 740 4192 hoc
753 4154 802 4204 est,
814 4158 854 4190 res
897 4140 1079 4204 dsturvulgeris
1090 4140 1273 4204 interpretstic:
1285 4143 1368 4202 Quem
1378 4138 1414 4185 ti·
