2992 4984
298 407 389 472 318„
577 405 617 468 D.
640 405 778 469 JUNH
800 405 1085 472 JUVENALIS

297 523 356 596 Nit
373 521 465 594 color
480 521 537 591 hic
553 518 643 608 caeli,
662 520 710 590 nil
726 521 828 594 fascia
840 524 937 617 nigra
949 525 1117 612 minatur3

299 635 466 706 AEstivum
481 645 614 701 tonat.»
629 627 752 700 Infelix
768 631 832 702 hac
850 630 992 702 forsitan
1010 635 1082 728 ipsa
1316 645 1360 716 ²9⁵

299 749 410 818 Nocte
423 741 521 812 cadet
532 741 647 812 fractis
658 741 826 829 trabibus,
841 741 1015 837 fluctuque
1028 757 1201 838 premetur

297 856 464 940 Obrutus,
479 867 513 921 et
528 876 649 920 zonam
662 849 743 920 leva
757 875 939 945 morsuque
953 855 1093 924 tenebit.

299 966 366 1040 Sed
382 967 477 1060 cujus
490 964 578 1034 votis
593 961 696 1032 modo
709 986 780 1032 non
793 961 974 1033 suffecerat
988 988 1128 1050 aunam,

299 1077 402 1169 Quod
417 1079 528 1170 Tagus
547 1090 581 1144 et
600 1071 700 1144 rutila
715 1072 823 1144 volvit
836 1072 993 1144 Pactolus
1007 1099 1126 1163 amna,

301 1188 435 1286 Frigida
449 1185 617 1257 sufficient
628 1183 778 1255 velantes
791 1185 931 1280 inguina
944 1185 1064 1279 panni,
1318 1202 1365 1256 too

261 1289 264 1302 ¹
301 1301 514 1394 Exiguusque
532 1296 644 1382 cibus,
662 1319 769 1364 mersa
782 1309 854 1364 rate
867 1293 1048 1388 naufragus
1061 1319 1166 1364 essem

303 1410 395 1480 Dum
408 1422 520 1504 rogat,
539 1420 574 1474 et
592 1406 683 1499 pieta
695 1430 731 1476 se
744 1419 941 1499 tempestate
956 1418 1081 1474 tuetur.

352 1518 468 1586 Tantis
483 1529 582 1610 parta
596 1514 712 1602 maiis,
727 1539 809 1586 cura
823 1515 951 1609 majore
964 1529 1123 1608 metuque
1485 1542 1486 1608 t

302 1631 505 1700 Servantur:
521 1627 640 1696 misera
655 1626 830 1722 estmagni
847 1625 998 1696 custodia
1014 1649 1143 1694 census.
1485 1613 1487 1708 i

304 1740 481 1835 Dispositis
495 1737 658 1832 praedives
669 1737 777 1807 hamis
790 1735 929 1832 vigilare
942 1737 1117 1808 cohortem
1323 1750 1369 1804 tet
1487 1746 1488 1792 t

303 1856 487 1923 Servorum
502 1863 606 1917 noctu
623 1847 762 1918 Licinus
776 1847 891 1941 jubet,
910 1849 1072 1918 attonitus
1090 1873 1153 1943 pro
1488 1847 1489 1870 ¹

304 1959 455 2044 Electro,
473 1957 643 2052 signisque
657 1957 740 2043 suis,
757 1956 972 2052 Phrygiaque
986 1955 1158 2046 columna,

305 2073 415 2164 Atque
432 2068 549 2154 ebore,
563 2082 597 2138 et
610 2065 675 2137 lata
686 2066 855 2136 testudine
869 2092 878 2136 τ
893 2066 985 2138 dolia
1003 2068 1087 2138 nudi

308 2183 389 2252 Non
401 2178 520 2248 ardent
532 2177 676 2273 Cynici:
694 2179 721 2247 si
735 2179 888 2272 fregeris,
903 2176 1008 2248 altera
1023 2178 1083 2248 fiet

308 2294 392 2362 Cras
399 2289 531 2376 domus,
546 2304 605 2358 aut
618 2288 735 2358 eadem
749 2285 888 2383 plumbo
904 2288 1082 2360 commissa
1093 2288 1251 2358 manebit
1325 2299 1377 2353 310

308 2540 464 2599 territent:
479 2536 539 2592 bac
554 2535 683 2612 fulgura,
702 2535 762 2592 hec
777 2535 906 2592 tonitrua
924 2553 960 2592 ex
974 2553 1077 2592 eornm
1092 2551 1199 2610 genere
1214 2541 1302 2602 sunt,
1321 2549 1384 2606 qne

308 2634 388 2692 calor
397 2629 511 2687 aestivus
521 2628 641 2705 gignere
650 2629 740 2696 solet,
753 2625 872 2684 minime
886 2626 1057 2700 ceteroquin
1068 2625 1230 2700 periculosa
1241 2635 1271 2681 et
1287 2624 1385 2681 noxia.

309 2729 419 2784 Forsan
432 2731 527 2778 tamen
538 2719 587 2776 illa
599 2719 659 2794 ipse
669 2729 754 2775 nocte
765 2717 853 2776 miser
863 2716 996 2775 trabibus
1005 2717 1114 2795 navigii
1125 2715 1223 2774 fractis
1232 2716 1387 2793 nauimgio

309 2816 405 2885 iacto,
424 2811 511 2870 undis
530 2809 705 2884 jactabitur,
729 2808 929 2885 opprimetur,
948 2827 1115 2866 crumenam
1135 2807 1269 2866 manibus
1291 2807 1388 2866 denti-

309 2909 421 2981 busque
437 2902 674 2977 comprehensam
689 2913 795 2958 tenens.
812 2904 852 2959 At
866 2902 947 2976 cujus
963 2901 1089 2960 avaritie
1104 2913 1134 2958 et
1152 2901 1308 2978 cupiditati
1322 2900 1388 2958 satis

310 3018 372 3058 uon
384 2997 479 3054 iuerat
491 3013 595 3050 eurum
605 3012 691 3050 omne
701 2993 783 3067 quod
793 2994 903 3070 Tagus,
917 2993 998 3069 quod
1011 2995 1143 3052 Pactolus
1154 3004 1252 3051 versat
1263 2994 1296 3050 in
1307 2993 1388 3050 ssavis

310 3089 421 3160 arenis,
436 3087 484 3144 bic
497 3086 550 3142 vili
561 3095 684 3142 centone
694 3085 732 3142 ad
745 3087 870 3162 tegenda
881 3086 1001 3162 inguina
1010 3086 1067 3143 ude
1078 3095 1109 3142 et
1117 3085 1224 3162 frigida
1234 3097 1391 3144 contentus

312 3183 385 3252 erit,
403 3201 437 3238 ae
453 3177 571 3236 modico
589 3177 671 3244 cibo,
691 3178 761 3234 dum
776 3178 827 3234 vix
845 3197 972 3236 emersus
989 3178 1064 3236 mari
1080 3179 1250 3255 corrogabit
1268 3179 1391 3256 stipem,

313 3289 356 3347 et,
377 3283 517 3332 ostentata
537 3269 681 3346 naufragii
698 3269 744 3327 sui
759 3269 873 3346 depicu
881 3271 1014 3349 imagine
1034 3291 1065 3330 se
1081 3273 1221 3330 adversus
1232 3284 1393 3350 pauper-ts-

314 3381 373 3428 tem
386 3364 524 3424 tuebitur.

355 3460 424 3518 303.
444 3460 539 3515 Porro
550 3453 658 3514 divitiae
667 3464 713 3511 tot
720 3455 856 3512 erumnis
865 3474 899 3513 ec
910 3455 1061 3514 laboribus
1073 3457 1208 3532 quaesite,
1217 3456 1325 3531 majori
1332 3458 1396 3516 sol·

314 3551 465 3612 licitndine
479 3568 511 3606 sc
522 3559 604 3612 metu
613 3547 785 3605 retinentur.
797 3548 904 3606 Misera
914 3559 957 3606 est
968 3547 1099 3606 conditio
1110 3550 1264 3624 cujuslibet
1272 3569 1395 3627 magnas

317 3667 386 3723 opes
395 3662 510 3704 servare
519 3639 680 3718 satagentis.
694 3639 810 3700 Licinus
819 3641 850 3698 in
860 3642 945 3700 certis
952 3641 1057 3700 edium
1067 3663 1185 3702 suarum
1196 3643 1268 3700 iocis
1278 3655 1398 3719 perstas

316 3741 404 3797 babet
412 3738 443 3794 in
455 3735 529 3794 vasis
538 3753 625 3810 aquas
637 3753 644 3786 :
658 3743 799 3808 preterea
812 3735 977 3808 complures
988 3752 1088 3792 servos
1099 3747 1274 3812 pernoctare
1288 3736 1398 3812 vigiles

317 3832 349 3888 in
365 3830 492 3888 excubiis
504 3829 604 3902 jubet,
622 3837 753 3884 metuens
768 3845 807 3883 ue
816 3845 883 3884 vasa
896 3826 1021 3902 pretiosa
1032 3845 1069 3884 ex
1080 3829 1203 3898 electro,
1220 3837 1320 3886 stutuae
1333 3829 1399 3885 ele-

318 3937 432 4002 gsntes,
449 3923 590 3978 columnae
607 3941 623 3978 e
636 3939 781 3978 marmore
794 3919 938 3998 Phrygio,
954 3919 1081 3978 eburnea
1091 3933 1277 3991 ornamenta,
1287 3941 1399 3980 mensae

319 4015 496 4074 testudinum
508 4012 705 4088 putaminibus
720 4023 878 4083 contextu,
897 4013 976 4070 furto
993 4014 1159 4088 rapiantur,
1174 4026 1225 4071 aut
1238 4017 1400 4073 absuman-

321 4123 369 4167 tur
388 4107 533 4166 incendio.
552 4105 690 4182 Diogenis
706 4107 817 4164 dolium
831 4105 900 4182 igne
916 4107 1047 4162 consumi
1063 4107 1180 4182 nequit;
1202 4107 1228 4164 si
1247 4126 1307 4183 qno
1327 4097 1399 4165 casu

320 4204 484 4279 frangatur,
509 4217 570 4256 crus
587 4199 649 4274 ipse
671 4199 794 4258 alterum
811 4197 937 4270 dolium,
956 4199 1061 4257 alteras
1079 4201 1154 4258 aedes
1174 4199 1324 4270 inveniet,
1346 4211 1402 4258 aut
