2992 4984
365 415 1394 460 Q

487 677 724 766 SATIRAE
754 679 1010 768 DECIMAE
1041 680 1289 793 QUINTAE

722 867 1055 925 snoutturtrtttr.

579 1097 681 1146 Obtinet
689 1100 808 1164 Egyptns
817 1115 947 1166 perversos
958 1101 1035 1168 impis
1043 1103 1155 1150 ritus.-

583 1183 594 1228 1
598 1195 706 1228 mmanes
714 1183 776 1229 ritus
787 1183 914 1248 Egyptian
923 1184 1005 1234 incola
1013 1184 1108 1234 suadet.

731 1283 946 1337 (immuunt.
953 1288 1038 1340 me.)

426 1504 429 1514 .
497 1463 670 1502 ΙΙΗῦΙῦΙΙδ
693 1465 875 1504 ullum.
890 1481 924 1492 ·-
940 1469 978 1505 D!
995 1469 1223 1506 wfssffl'flon.
1236 1481 1269 1494 ···

352 1545 390 1582 Μ
407 1545 676 1584 ΕΠΡΙΙΠΠΙΟΜΒΙΗ
693 1549 898 1588 aimonii!-
916 1565 952 1576 -·
971 1553 1009 1588 D!
1026 1553 1233 1590 ΙΙΠΘΙῠΙῘΒῦΙ
1249 1553 1393 1590 mim·-

649 1633 688 1670 ΑΒ
704 1634 851 1670 vetusto!
870 1635 1067 1673 tttrtttttttuuttt.
1084 1649 1120 1662 *-

430 1715 466 1752 ΒΙ
477 1718 558 1754 nm
571 1717 694 1754 DRORUH
707 1719 839 1754 currunt
853 1719 887 1756 Ιτ
903 1719 1023 1756 nmio
1034 1721 1119 1756 Vlflw
1132 1721 1329 1758 ΙΕΪΠΙΟΙΠΙ.

389 1953 424 2008 ln
433 1949 487 2008 bac
499 1952 608 2022 Satira,
627 1953 664 2009 ad
680 1954 833 2012 Volusium
849 1954 1032 2032 bithynicum
1047 1953 1172 2028 scripta,
1189 1953 1324 2011 iuvenalis
1336 1973 1393 2031 gra·
1471 1936 1472 2022 Ῐ

348 2043 462 2100 vissime
478 2043 625 2102 invehitur
637 2045 669 2101 in
686 2046 846 2124 religiosum
860 2047 1063 2124 AEgyptiorum
1080 2046 1270 2116 dementiam,
1288 2045 1332 2121 qui
1343 2065 1393 2102 non

348 2135 436 2192 modo
448 2146 577 2194 monstra
589 2139 732 2210 Deorum,
744 2139 877 2197 animalia
889 2150 918 2197 et
931 2141 1024 2210 olera,
1039 2138 1091 2195 sed
1099 2137 1190 2194 etiurn
1200 2137 1247 2194 ulii
1255 2137 1393 2212 aliahujns·

347 2228 428 2285 modi
443 2229 562 2286 numina
581 2232 693 2301 colant,
711 2243 741 2288 et
761 2233 800 2290 ob
820 2233 894 2290 banc
913 2231 1061 2309 religionis
1078 2230 1274 2288 diversitatem
1285 2241 1353 2287 tanto
1365 2250 1391 2287 se

346 2319 470 2379 invicem
481 2321 551 2378 odio
562 2333 787 2399 prosequantur,
803 2335 836 2382 ut
846 2343 920 2382 caeco
936 2341 1158 2398 nonnumquam
1174 2321 1270 2380 furore
1282 2321 1392 2379 instincti

346 2432 409 2485 eos,
429 2416 481 2491 qui
498 2416 561 2473 aliis
575 2426 694 2472 utantur
714 2417 815 2488 sacris,
838 2417 980 2475 devorare
999 2433 1060 2472 non
1078 2413 1217 2472 dubitent
1234 2413 1282 2490 (vr.
1296 2413 1391 2488 1—13).

348 2508 419 2577 Quae
427 2527 465 2565 ne
474 2507 540 2584 quis
546 2507 675 2566 fabulosa
685 2527 745 2565 esse
756 2517 867 2565 censeat
877 2517 906 2566 et
915 2507 1014 2564 similia
1025 2507 1076 2578 iis,
1090 2523 1157 2581 quae
1169 2505 1281 2581 Ulyssas
1289 2504 1391 2562 Alcinoo

346 2617 432 2674 super
454 2618 564 2658 coenum
583 2599 621 2656 de
642 2601 859 2677 Laestrygonum
881 2601 1101 2675 Cyclopumque
1122 2597 1296 2654 immanitate
1316 2608 1342 2654 et
1359 2595 1393 2644 ἂν·

345 2689 505 2761 θρωποφαγίᾳ
517 2691 679 2748 narraverit
695 2689 858 2770 (tt-26),
875 2693 1038 2768 exemplum
1054 2701 1201 2749 memorat
1213 2689 1392 2748 efferatisdne

343 2783 428 2858 hujus
440 2785 628 2854 crudelitatis,
641 2785 722 2860 qnod
730 2805 780 2842 sua
791 2796 858 2843 aetas
868 2785 990 2858 viderit;
1003 2797 1033 2844 et
1040 2787 1144 2858 refert,
1159 2783 1280 2842 finitima
1288 2784 1391 2860 oppida,

344 2877 469 2954 Tentyra
487 2889 516 2934 et
534 2879 677 2952 Coptum,
694 2877 813 2953 antiqua
827 2878 984 2950 simultate,
998 2879 1107 2934 nnllam
1119 2876 1208 2933 aliam
1221 2877 1259 2933 ob
1272 2894 1392 2943 causam,
1472 2913 1473 2962 ,

344 2988 430 3045 quam
441 2969 523 3046 quod
531 2969 644 3028 diversa
659 2971 803 3028 coluerint
813 2970 945 3042 numina,
960 2970 998 3027 ita
1010 2970 1122 3039 arsisse,
1136 2982 1173 3027 ut
1187 2980 1278 3046 nuper
1290 2966 1391 3043 Coptitae
1472 3041 1473 3052 ἵ

344 3082 411 3119 curn
425 3064 598 3140 Tentyritis,
612 3064 689 3121 diem
700 3065 804 3122 festum
819 3064 970 3142 agentibus
985 3074 1015 3120 et
1026 3063 1104 3140 larga
1118 3064 1195 3121 meri
1208 3062 1321 3139 potione
1332 3077 1391 3116 one·

343 3155 421 3228 ratis,
432 3176 491 3232 quo
499 3156 611 3214 facilior
617 3156 738 3214 victoria
747 3169 835 3229 esset,
840 3157 940 3234 jurgio
950 3155 1145 3213 contendendi
1154 3154 1330 3214 occasionem
1335 3152 1391 3208 inde

343 3247 487 3320 ceperint,
505 3259 595 3322 utque
605 3248 667 3304 rixa
679 3248 806 3323 primum
818 3247 955 3306 conviciis
967 3267 1001 3306 ac
1015 3249 1155 3318 clamore,
1169 3245 1277 3312 ‚deinde
1292 3261 1392 3320 percus·

342 3337 423 3395 sione
430 3336 556 3413 capitum
564 3337 799 3414 vulneribusque,
808 3341 912 3417 pugnis
923 3350 952 3396 et
963 3337 1106 3414 lapidibus
1115 3335 1242 3409 inflictis,
1256 3344 1390 3402 transacta,

343 3450 413 3488 mox
431 3431 518 3486 armis
535 3429 655 3506 sumptis
676 3431 708 3487 in
729 3432 860 3507 praelium
881 3431 1039 3502 exarserit,
1060 3448 1120 3506 quo
1141 3429 1247 3507 lugetis
1266 3424 1390 3501 Coptitis,

342 3539 416 3579 unus
430 3541 549 3593 eorum,
563 3522 709 3599 quiuimiu
718 3523 874 3580 tormidine
884 3543 1000 3581 cursum
1010 3521 1191 3599 precipitans
1203 3517 1389 3598 procubuerit,

343 3627 441 3690 captus
455 3636 473 3672 a
486 3615 661 3692 Tentyritis,
677 3626 706 3672 et
720 3633 782 3672 non
796 3615 885 3673 modo
900 3615 932 3672 in
945 3616 1068 3692 plurima
1081 3627 1175 3674 sectus
1193 3616 1281 3672 frusta
1296 3622 1322 3669 et
1333 3629 1389 3686 pcr-

343 3707 456 3778 ticulas,
479 3719 513 3765 ut
532 3707 633 3772 multis¹
650 3705 809 3779 sufficeret,
829 3707 880 3764 sed
900 3708 1006 3766 crudus
1027 3709 1112 3766 etiam
1134 3729 1166 3766 ac
1185 3719 1262 3765 totus
1282 3701 1388 3762 corrosis

344 3797 453 3854 ossibus
465 3807 545 3855 tanta
560 3798 695 3855 aviditate
707 3777 863 3856 devoratus
876 3797 926 3870 sit,
944 3814 977 3857 ut
994 3801 1046 3878 qni
1062 3821 1098 3858 ex
1114 3799 1245 3858 hostibus
1258 3793 1388 3854 novissimi

342 3887 488 3958 venerint,
510 3891 662 3966 absumpto
682 3890 741 3964 jam
760 3902 824 3949 toto
841 3911 978 3968 corpore,
998 3892 1092 3950 ductis
1114 3911 1167 3967 per
1185 3902 1290 3948 terram
1306 3884 1387 3962 digitis

343 3978 452 4052 aliquid
462 3981 499 4037 de
513 3982 648 4058 sanguine
659 3981 719 4055 ejus
729 3984 907 4058 gustaverint
922 3983 1071 4063 (ιγ-91).
1089 3988 1182 4042 Tanta
1197 3979 1385 4040 inhumanitate

342 4071 453 4126 nullum
462 4092 597 4148 umquam
606 4077 746 4148 populum
755 4076 865 4134 saevisse
872 4077 956 4136 dicit:
968 4099 1029 4136 non
1038 4079 1252 4156 calaguritanus
1261 4078 1290 4134 in
1297 4080 1385 4132 vasco

342 4181 412 4220 nuru
423 4162 545 4235 finibus,
559 4165 624 4240 qui,
635 4168 720 4242 longa
731 4168 849 4226 demum
861 4171 1013 4229 obsidione
1024 4171 1062 4228 ad
1076 4172 1171 4230 diram
1185 4169 1385 4232 redactifameu
