3074 4990
416 471 604 538 SATIRA
627 474 831 540 DECIMA.

89 587 278 656 Messalinae
292 587 397 658 oculis
413 615 421 657 :
437 589 563 660 dudum
578 591 670 660 sedet
689 588 743 660 illa
762 605 877 686 parato

88 694 312 784 Flammeoio,
327 699 513 794 Tyriusque
528 699 636 794 palam
652 701 789 795 genialis
804 704 839 772 in
853 703 958 772 hortis

87 807 322 894 Sternitur,et
334 810 401 878 ritu
415 810 523 880 decies
536 828 675 881 centena
691 810 862 880 dabuntur
1103 827 1153 880 335

90 919 258 1012 Antiqu03
274 921 385 988 veniet
395 945 474 990 cum
486 921 710 1015 signatoribus
723 943 856 1014 auspex.

91 1029 169 1098 Haec
181 1044 221 1098 tu
233 1045 380 1114 secreta,
393 1045 428 1099 et
441 1031 552 1124 paucis
565 1030 739 1100 commissa
752 1027 913 1123 putabas?

92 1141 189 1224 Non,
205 1140 271 1208 nisi
286 1138 449 1235 legitime,
468 1139 539 1208 vuit
555 1141 702 1208 nubere:
719 1139 801 1233 quid
815 1138 966 1234 placeat,
985 1139 1059 1225 dic;

92 1249 135 1315 Ni
149 1273 270 1342 parere
285 1248 381 1336 velis,
394 1249 606 1343 pereundum
621 1251 686 1318 erit
699 1265 776 1318 ante
791 1250 944 1320 lucernas
960 1275 968 1318 τ

91 1357 124 1423 Si
141 1355 251 1426 scelus
269 1358 443 1444 admittas,
458 1359 592 1430 dabitur
606 1385 699 1429 mora
712 1360 868 1453 parvula,
885 1361 965 1430 dum
980 1379 1032 1428 res
1106 1375 1157 1436 aso

93 1467 182 1535 Nota
194 1468 283 1536 Urbi
295 1483 329 1538 et
341 1468 466 1562 populo
480 1470 657 1563 contingat
668 1469 830 1563 principis
840 1493 947 1539 aures.

92 1575 247 1646 Dedecus
262 1576 317 1648 ilie
332 1577 451 1647 domus
465 1578 547 1647 sciet
562 1577 698 1647 ultimus
711 1604 719 1646 ε
733 1578 859 1647 interea
872 1593 909 1648 tu

93 1685 293 1780 Obsequere
305 1689 467 1782 imperi03
483 1688 525 1756 sit
538 1687 623 1756 tanti
639 1687 707 1756 vita
721 1687 851 1756 dierum

95 1796 306 1864 Paucorum:
322 1796 485 1890 quidquid
503 1795 618 1865 meiius
634 1795 805 1891 leviusque
823 1797 965 1891 putaris,
1004 1805 1007 1812 “

94 1908 277 1976 Praebenda
289 1924 341 1977 est
353 1907 461 2003 gladio
476 1907 615 2004 pulchra
623 1909 694 1978 haec
707 1925 742 1978 et
756 1909 899 1979 candida
913 1909 1034 1979 cervix.
1109 1921 1160 1986 345

147 2057 197 2068 -
209 2016 264 2086 Nil
278 2042 359 2111 ergo
373 2019 536 2112 optabunt
549 2017 725 2088 homines?
737 2059 784 2072 -
797 2019 832 2088 Si
846 2017 1023 2088 consilium
1037 2016 1102 2102 vis,

96 2127 276 2195 Permittes
290 2129 369 2220 ipsis
380 2127 564 2222 expendere
578 2129 787 2216 numinibus,
803 2129 885 2223 quid

96 2236 290 2304 Conveniat
302 2237 415 2325 nobis,
432 2239 596 2332 rebusque
610 2240 653 2308 sit
665 2236 746 2308 utile
756 2239 889 2307 nostris.

99 2462 196 2521 uatus,
208 2451 364 2527 abripitur,
377 2464 410 2509 ut
420 2454 451 2510 iu
467 2467 624 2531 conspectu
635 2455 793 2526 Messalina
805 2453 964 2531 juguletur,
980 2452 1006 2508 si
1018 2451 1078 2525 ejus
1089 2469 1166 2526 nup-

98 2544 147 2598 tias
162 2553 290 2618 respuat.
307 2545 457 2618 Exspectat
473 2545 554 2602 illum
567 2567 676 2621 procax
693 2548 806 2614 mulier,
820 2545 941 2620 nuptiali
955 2555 1034 2601 veste
1048 2543 1165 2613 induta,

99 2647 216 2712 paratur
230 2637 261 2692 in
274 2638 367 2696 hortis
384 2639 498 2713 publice
514 2659 677 2716 purpureos
693 2642 797 2707 lectus,
812 2639 928 2715 presidi
939 2639 1105 2713 nuptiarum
1116 2655 1167 2712 ge·

100 2729 146 2786 nio
161 2747 261 2797 sacen
277 2748 333 2804 pro
354 2731 423 2788 dote
442 2742 563 2789 centena
580 2733 793 2802 sestertiorum,
817 2733 938 2806 antiquo
958 2750 1057 2802 more,
1077 2730 1167 2788 miliia

100 2824 350 2880 numerabuntur:
366 2843 426 2881 uon
437 2825 560 2883 deerunt
572 2826 715 2901 auspices,
733 2837 820 2900 atque
831 2827 989 2901 signatores
1006 2823 1168 2880 tabularum

101 2925 127 2972 rt
137 2927 317 2972 contractus.
332 2916 476 2974 Credebas
488 2916 705 2974 matrimonium
719 2915 797 2972 istud
813 2919 885 2972 ciam
899 2914 1017 2991 agitari,
1030 2926 1059 2972 et
1071 2913 1169 2988 paucis

101 3008 222 3065 conciis
242 3007 420 3082 testibusque
438 3008 575 3066 adhibitis
592 3031 600 3065 ε
620 3009 701 3084 atqui
718 3009 837 3064 serratis
855 3007 990 3064 omnibns
1010 3007 1121 3083 legibus
1139 3015 1170 3062 et

102 3101 203 3158 ritibus
221 3099 416 3168 matrimonii,
438 3101 549 3158 nubere
564 3100 716 3158 Messalina
736 3098 866 3156 decrerit
885 3121 891 3155 :
909 3109 1004 3156 tecum
1021 3097 1169 3172 expende,

103 3193 173 3260 Sili,
184 3192 259 3267 quid
273 3191 370 3268 eligas.
384 3191 416 3249 Si
430 3211 542 3250 morem
555 3179 657 3269 gerere
668 3191 786 3259 abnuis,
797 3200 923 3247 mortem
935 3189 1005 3257 tibi,
1016 3200 1171 3264 autequam

103 3285 150 3338 sol
162 3283 290 3353 occidat,
305 3293 434 3358 manum
448 3283 520 3341 scito
531 3305 538 3338 :
550 3283 575 3339 si
591 3293 673 3340 tauto
685 3283 793 3339 scelere
812 3291 841 3336 te
858 3279 1032 3354 obstringis,
1046 3279 1172 3336 nundin

104 3373 209 3430 eodem
217 3375 367 3443 laetabere,
380 3375 471 3432 donec
482 3374 621 3432 nimirum
633 3373 768 3430 facinoris
778 3372 837 3446 jam
850 3381 909 3427 tota
923 3371 1038 3428 civitate
1052 3370 1172 3444 pervul-

105 3465 167 3542 gati
179 3463 250 3520 iama
265 3466 385 3522 Caesaris
404 3483 486 3522 aures
498 3466 656 3522 allabatur:
671 3465 719 3522 ilie
733 3464 863 3521 omnium
873 3474 1036 3537 postremus
1049 3461 1173 3516 inustam

106 3557 187 3614 duni
200 3577 257 3614 sna
275 3557 466 3635 ignomniam
478 3557 590 3616 roeciet.
607 3559 720 3615 Interea
737 3575 849 3613 morem
863 3573 948 3632 gere,
969 3553 1039 3621 siti,
1062 3553 1086 3608 si
1101 3552 1175 3608 tanti

107 3649 225 3708 estimas
241 3651 362 3707 brevem
378 3669 495 3708 usuram
516 3651 587 3707 lueis
606 3669 639 3706 ac
659 3650 726 3706 vitas
745 3671 752 3706 :
770 3647 915 3724 quidquid
935 3646 1051 3702 demum
1069 3655 1175 3703 statuas

107 3739 197 3798 levius
211 3753 242 3798 et
260 3741 316 3798 tibi
331 3741 444 3813 utilius,
459 3741 593 3798 obeunda
606 3759 685 3798 mors
702 3741 771 3812 erit,
788 3759 821 3796 ac
836 3751 920 3795 tunm
938 3737 1012 3794 iliud
1027 3748 1114 3813 caput
1125 3757 1174 3795 ve-

107 3843 223 3888 nustum
236 3845 266 3889 et
279 3835 396 3909 elegans
410 3833 507 3910 gladio
527 3831 740 3890 demetendum.

146 3923 216 3990 346.
236 3956 277 3968 —
287 3925 355 3981 liare
366 3926 389 3982 si
400 3944 430 3982 se
443 3926 483 3980 ita
497 3926 619 3992 habeut,
631 3921 743 3998 inquiet
757 3920 872 3995 aliquis,
889 3919 1042 3997 nibiiergo
1054 3920 1110 3977 erit
1120 3937 1176 3995 op-

9 4087 10 4092 *
109 4015 231 4072 mudum
247 4015 424 4074 bominibus.
444 4048 484 4061 -
501 4017 532 4075 si
553 4016 705 4073 consitium
721 4023 816 4089 petas,
830 4015 907 4070 Deos
925 4012 1001 4084 ipsos
1020 4011 1178 4084 dijudicare

109 4107 202 4176 sines,
221 4107 295 4182 quid
315 4108 400 4165 nobis
418 4107 553 4183 expediat
572 4108 737 4182 nostrisque
755 4105 878 4182 negotiis
898 4105 1049 4162 conducat.
1068 4107 1124 4160 Pro
1143 4106 1198 4160 iis‘

113 4200 189 4257 euim
200 4201 308 4272 mbos,
318 4219 388 4276 quas
400 4202 549 4276 voluptate
561 4199 641 4258 ducti
651 4197 894 4276 concupiscimus,
908 4197 993 4254 utiles
1003 4194 1162 4270 largientur
1169 4214 1179 4263 ;
