3074 4990
306 389 349 466 48
429 389 634 458 saslttffi
656 389 869 458 DECIMAE
891 391 1131 460 ARGUMEN
1139 391 1254 460 TUM.

305 521 465 592 latronum,
485 521 533 578 vel
554 539 667 579 veneno
689 531 838 590 necentur,
861 539 903 577 vs.
924 539 1049 592 ra-a7.
1069 521 1137 578 Non
1155 520 1261 578 mirum
1274 520 1373 595 itaque

305 625 456 684 stultitiam
469 626 621 683 hominnm
634 645 746 702 semper
757 624 904 684 Heraclito
916 622 1016 682 fletum
1030 626 1152 684 movisse
1166 637 1196 683 et
1206 626 1294 682 risum
1306 643 1375 681 con-

297 740 351 786 ,tra
365 730 550 800 Democrito,
573 729 625 804 qui
644 731 738 786 multo
753 730 842 806 magis
862 728 984 801 risisset,
1007 729 1032 786 si
1049 731 1155 787 nostris
1170 730 1286 787 vixisset
1301 741 1376 788 tem-

307 835 441 910 poribus,
466 833 571 910 quibns
595 836 683 910 longe
702 835 796 909 major
816 846 859 891 est
881 836 966 892 luxus
990 855 1023 892 ac
1044 835 1146 904 fastus,
1169 855 1210 892 vs.
1233 832 1376 891 all—55.

306 940 430 996 Maxima
446 939 576 1014 potentia
591 939 752 1013 summique
767 938 907 1006 bonores,
930 940 967 996 ad
981 959 1054 1015 qnos
1069 939 1202 996 nonnulli
1217 937 1378 1012 adspirant,

306 1063 439 1120 magnam
452 1044 487 1101 iis
502 1043 654 1114 invidiam,
667 1042 824 1118 perniciem
837 1043 1007 1120 ruinamque
1023 1057 1138 1120 parant,
1153 1063 1207 1102 nec
1218 1044 1272 1100 nisi
1286 1065 1302 1098 a
1314 1063 1380 1100 nro-

306 1149 359 1205 bili
373 1150 466 1224 plebis
484 1150 581 1206 animo
597 1159 626 1205 et
642 1150 778 1204 Fortunae
793 1149 893 1206 lavore
906 1149 1050 1224 pendent,
1067 1169 1126 1225 quo
1142 1160 1251 1206 mnmto
1265 1149 1305 1219 is,
1327 1147 1380 1224 qui

305 1255 393 1331 paulo
403 1266 469 1311 ante
480 1254 683 1311 adorabatura
694 1254 798 1329 vulgo,
809 1254 845 1309 ab
857 1255 959 1311 eodem
974 1257 1047 1314 nrale
1059 1267 1198 1312 tractatur
1209 1265 1238 1312 et
1247 1255 1283 1311 ad
1292 1255 1380 1310 scalas

306 1361 460 1417 Gemonias
474 1360 600 1433 indeque
616 1359 647 1414 in
664 1359 793 1415 Tiberim
807 1379 884 1416 unco
899 1362 1036 1433 trahitur;
1054 1363 1135 1438 quod
1145 1381 1198 1418 suo
1210 1362 1315 1418 damno
1327 1380 1381 1418 ex·

306 1466 381 1541 perti
396 1476 463 1521 sunt
481 1463 601 1536 Sejanus
614 1462 675 1540 (vs.
692 1461 828 1535 56-107
841 1465 861 1538 ),
882 1464 981 1539 etjam
994 1475 1061 1522 ante
1074 1485 1140 1524 eum
1155 1465 1263 1536 Crassi,
1288 1467 1381 1520 Pom·-

306 1571 400 1647 peius,
416 1573 509 1627 Caesar
520 1568 607 1625 etalii
622 1589 628 1625 :
641 1587 708 1624 nam
719 1569 804 1643 pauci
816 1569 897 1626 suere
908 1589 990 1647 reges
1002 1572 1047 1627 vel
1061 1570 1205 1646 principes
1216 1568 1337 1626 civitatis
1350 1580 1382 1626 et

306 1673 433 1752 tyranni,
451 1672 503 1748 qui
515 1691 577 1729 non
590 1671 747 1728 violentam
761 1671 835 1746 passi
848 1673 907 1728 sint
921 1685 1060 1746 mortem,
1071 1693 1113 1731 vs.
1128 1671 1293 1730 rod-113.
1308 1673 1382 1728 Elo-

305 1779 426 1854 quentia
441 1775 559 1832 snmmis
577 1794 788 1851 nonuunquam
808 1779 990 1850 oratoribus,
1011 1789 1045 1834 ut
1064 1777 1199 1836 Ciceroni
1212 1795 1245 1832 ac
1259 1778 1382 1833 Demos-

306 1884 403 1954 theni,
418 1883 521 1939 mortis
536 1901 620 1939 causa
635 1882 707 1952 fuit,
721 1900 763 1938 vs.
783 1883 947 1951 rit-132.
966 1884 1065 1940 Gloria
1084 1884 1187 1938 bellica
1203 1901 1293 1958 quum
1304 1902 1382 1938 vana
1431 1893 1437 1902 ’

306 1991 462 2066 brevisque
476 2001 535 2061 est,
551 1999 613 2046 tum
629 1989 761 2045 maximis
778 2008 852 2064 saepe
869 1989 1093 2066 imperatoribus
1109 1991 1245 2062 exitiosa,
1261 2002 1295 2048 ut
1309 1991 1383 2048 olim

307 2093 476 2165 Hannibali,
492 2092 658 2150 Alexandro
673 2103 702 2149 et
717 2095 829 2166 Xerxi,
846 2115 889 2152 vs.
906 2097 1073 2169 133-187.
1086 2099 1192 2172 Longa
1205 2097 1270 2154 vita
1284 2095 1384 2152 miultis

308 2201 487 2257 obnoxiaest
497 2199 834 2272 incommodisacmalis3
845 2201 952 2276 quippe
961 2221 1042 2259 senes
1048 2202 1220 2278 plenamque
1228 2200 1385 2270 deformes,

308 2307 420 2384 rugosi,
437 2305 561 2377 infirmi,
578 2307 710 2377 tremuli,
727 2307 818 2378 calvi,
833 2307 957 2378 mucidi,
981 2308 1125 2378 edentuli,
1145 2307 1245 2378 uxori,
1265 2306 1386 2377 liberis,

310 2411 366 2469 sibi
380 2411 506 2486 ipsisque
522 2409 716 2486 captatoribus
736 2430 852 2487 graves,
875 2423 1007 2487 expertes
1022 2425 1137 2488 guastus,
1160 2412 1197 2468 ad
1213 2430 1274 2468 rem
1286 2414 1387 2468 Vene-

308 2537 387 2574 ream
398 2516 547 2586 inhabiles,
557 2515 651 2598 surdi,
664 2516 744 2586 caeci,
754 2517 864 2588 manci,
876 2516 1026 2588 obliviosi,
1037 2537 1079 2574 vs.
1096 2516 1259 2593 ret-239.
1271 2515 1387 2586 Quodsi

310 2643 382 2681 vero
397 2642 521 2699 corpore
533 2623 619 2680 etiam
631 2642 663 2679 ac
677 2634 774 2679 mente
782 2624 885 2679 'valent
898 2623 928 2678 in
940 2635 1085 2681 senectute
1097 2624 1245 2696 homines,
1256 2623 1389 2680 sentiunt

312 2739 408 2785 tamen
421 2749 454 2785 ac
469 2730 569 2806 lugent
583 2727 637 2782 alia
651 2746 741 2804 eaque
753 2729 863 2808 majora
875 2729 966 2798 mala,
980 2727 1028 2784 vel
1041 2728 1157 2803 publica
1166 2728 1214 2784 vel
1227 2727 1338 2802 privata
1351 2745 1389 2784 ac

310 2833 445 2911 propria,
461 2832 555 2909 qualia
570 2833 644 2908 passi
660 2844 728 2889 sunt
743 2835 858 2903 Nestor,
873 2833 991 2903 Peleus,
1007 2833 1155 2904 Priamus,
1176 2833 1307 2900 Hecuba,
1325 2830 1388 2886 Mi-

312 2939 465 3004 thridates,
481 2937 610 3007 Croesus,
622 2935 749 3006 Marius,
763 2935 933 3012 Pompeius,
945 2937 1050 3012 quibus
1060 2937 1201 2994 feliciores
1212 2935 1293 2994 fuere
1308 2937 1389 2992 Len-

312 3045 402 3114 tulus,
424 3043 567 3118 Cethegus
586 3053 615 3098 et
637 3040 772 3113 Catilina,
793 3062 835 3098 vs.
860 3041 1025 3110 ato-488.
1047 3042 1236 3099 Pulchritudo
1259 3038 1389 3114 denique

312 3167 380 3206 raro
395 3145 564 3222 pudicitiam
576 3156 682 3216 tuetur,
693 3148 849 3221 multisque
860 3145 990 3217 insidiis,
1004 3145 1118 3220 injuriis
1129 3167 1161 3204 ac
1172 3146 1307 3223 periculis
1318 3147 1389 3202 sub-

310 3253 386 3328 jecta
406 3262 462 3322 est3
480 3249 562 3324 quod
582 3249 689 3306 docent
709 3251 839 3325 exempla
862 3251 1020 3320 Lucretiae,
1041 3251 1193 3328 Virginiae,
1215 3250 1386 3326 Hippolyti,

313 3354 543 3432 Bellerophontis
558 3364 588 3410 et
602 3355 635 3410 C.
651 3353 727 3424 Silii,
747 3373 789 3411 vs.
805 3355 974 3430 289—345.
992 3361 1064 3427 Quae
1080 3375 1171 3432 quum
1184 3356 1225 3412 ita
1240 3356 1310 3426 sint,
1322 3356 1389 3412 Diis

313 3461 410 3538 potius
422 3459 563 3534 judicium
577 3459 615 3515 de
629 3477 679 3530 eo,
694 3459 774 3534 qnod
787 3478 857 3516 rere
872 3461 957 3518 nobis
973 3462 1130 3532 conducat,
1145 3459 1389 3536 permittendum,

313 3577 376 3636 aut,
390 3566 414 3624 si
429 3564 587 3640 optandum
600 3563 723 3638 aliquid,
735 3563 877 3620 orandum
890 3576 932 3621 est
946 3576 979 3622 ut
993 3585 1074 3623 mens
1088 3585 1156 3623 sana
1170 3565 1208 3624 sit
1219 3565 1249 3622 in
1262 3583 1388 3640 corpore

314 3689 400 3742 sano,
421 3679 455 3724 nt
475 3688 507 3725 ea
522 3669 559 3724 sit
573 3667 671 3738 sortis,
691 3687 790 3725 carens
807 3679 919 3726 terrore
940 3671 1061 3742 mortis,
1077 3672 1210 3729 laborum
1231 3669 1342 3747 patiens
1357 3683 1390 3728 et

315 3793 417 3850 expers
432 3772 540 3829 acrium
553 3771 708 3830 affectuum
723 3773 986 3851 cupiditatumque:
997 3777 1038 3832 ita
1052 3777 1131 3834 enim
1146 3775 1329 3852 tranquillam
1342 3787 1390 3834 at-

315 3901 372 3956 que
389 3880 501 3936 beamm
516 3899 632 3956 agemus
645 3879 749 3950 vitam,
768 3902 831 3957 qnae
846 3902 863 3939 a
877 3886 937 3940 sola
955 3885 1063 3943 virtute
1078 3905 1110 3942 ac
1123 3885 1276 3960 sapientia,
1294 3905 1355 3942 non
1370 3906 1389 3944 a

316 3989 459 4057 Fortuna,
472 3985 596 4060 pendet,
613 3986 779 4052 ste—366.
