3036 4984
310 394 370 434 soa
464 366 637 433 VARIAE
659 367 955 432 LECTIONES
979 368 1043 432 ΕΤ
1065 364 1218 432 NOTAE

304 481 382 554 parvi
395 479 522 552 ponderis
537 479 638 532 moeres
648 490 675 530 et
684 477 812 549 reliquias
823 479 889 531 tanti
902 477 979 532 ducis
988 481 1094 530 invenies
1103 486 1118 529 i
1127 479 1151 545 (ὁ
1160 481 1221 530 πᾶσι
1233 475 1373 548 panephi,

305 573 363 636 φιῦ,
376 565 458 623 τόσα-ις
471 563 541 637 γαίης
554 563 620 614 ὅσσον
635 563 684 629 ixei
697 562 791 634 pipern
806 561 919 614 Leonid.
938 561 1032 634 Epigr.
1046 561 1153 627 thx,
1169 566 1198 625 6,
1214 561 1242 614 in
1261 559 1376 615 anek·

305 650 381 701 maai.
394 661 456 702 tona.
471 649 501 713 l,
517 665 579 719 pag.
598 647 656 700 2³8.
671 647 772 700 Confer
788 647 866 717 Prop.
879 648 922 709 Il,
933 665 959 716 7,
973 648 1022 710 51;
1035 646 1086 709 tv,
1102 665 1142 709 rs,
1158 653 1201 710 143
1214 643 1296 698 Ovid.
1310 643 1375 695 Met.
1421 658 1424 667 ·

306 733 450 797 xl1,615,
463 734 528 796 616;
545 730 614 783 Plio.
630 731 672 794 ll,
683 731 735 799 68)
755 742 781 783 et
795 743 884 784 tamen
898 733 937 781 hie
951 746 986 783 est
1001 730 1060 796 ille,
1075 732 1152 802 cnjus
1170 729 1276 782 animus
1286 740 1377 781 tantus

306 829 378 878 erat,
397 827 427 866 ut
444 815 558 886 imperio
573 814 671 868 disice
684 833 739 866 non
753 825 893 867 contentus
912 827 993 879 esset;
1008 828 1120 886 augusta
1139 833 1208 867 urna
1225 831 1298 866 nnnc
1315 829 1378 864 eum

306 901 379 972 capit
389 937 396 963 ,
406 917 501 971 quem
514 919 598 972 quum
607 899 722 964 viveret,
735 917 790 950 non
801 898 926 970 capiebat
938 899 1044 965 Africa3
1058 912 1084 952 et
1096 897 1206 970 quidem
1216 909 1290 950 tanta
1303 893 1378 951 orbis

306 997 438 1039 terrarum
451 1003 528 1057 pars,
546 1001 605 1057 qun
619 1004 636 1039 a
650 989 754 1042 traam,
774 981 914 1043 Africano,
932 989 1048 1048 Oceano,
1061 984 1095 1035 ab
1109 983 1246 1035 Atlantico
1257 978 1325 1032 suari
1336 981 1379 1046 (ut

306 1066 381 1140 apud
396 1065 490 1121 Horat.
507 1066 617 1132 0d.11,
631 1070 664 1127 6,
679 1068 733 1134 3),
747 1064 864 1128 honest,
878 1065 912 1116 ab
930 1063 1092 1130 Occidente,
1106 1063 1142 1118 ad
1159 1060 1379 1123 silentiarium

307 1151 431 1224 AEgypti,
450 1163 532 1222 patet.
550 1150 637 1218 (Nam
653 1149 786 1220 AEgyptus
805 1165 820 1200 a
840 1147 1010 1220 Geographis
1029 1149 1177 1211 veteribus,
1192 1146 1236 1200 rel
1249 1157 1321 1210 tota,
1336 1143 1382 1199 rel

306 1251 406 1306 magna
415 1253 448 1288 ex
462 1248 552 1306 parte,
563 1234 644 1294 heire,
661 1251 678 1285 a
690 1232 822 1286 Strabone
835 1245 925 1286 antem
939 1234 968 1300 1,
988 1253 1050 1306 pag.
1064 1238 1099 1287 60
1116 1251 1171 1305 seq.
1185 1233 1301 1286 Arabico
1319 1229 1381 1284 sinu

307 1317 379 1370 iuter
394 1318 487 1370 Asiam
504 1317 674 1390 Africamque
690 1316 805 1368 termino
821 1316 983 1382 constituto,
999 1317 1095 1370 Africae
1113 1313 1283 1389 adjungitur,
1298 1325 1326 1366 et
1343 1310 1381 1366 ad

309 1401 455 1468 orientem,
470 1415 500 1455 nt
514 1402 678 1456 Mauritania
690 1401 727 1454 ad
738 1400 906 1455 occidentem
921 1416 1069 1455 extremum
1083 1402 1178 1454 Africae
1193 1401 1245 1454 sita
1256 1401 1314 1468 est).

344 1512 414 1564 Nor.
434 1511 492 1574 148.
513 1519 589 1580 Quem
599 1531 647 1563 non
658 1514 726 1578 capit
732 1509 833 1580 Africis,
845 1525 896 1564 etc.
910 1523 939 1563 ut
951 1510 1024 1582 apud
1039 1510 1183 1564 Claudias.
1197 1509 1224 1562 in
1235 1508 1323 1560 liuha.
1334 1509 1382 1571 11,

313 1592 361 1648 155
371 1614 378 1649 ι
388 1597 468 1648 «Nou
478 1594 567 1647 orbita
577 1595 640 1650 solis
648 1634 656 1658 ,
665 1597 726 1648 Non
735 1595 812 1648 illum
824 1608 921 1649 natura
932 1596 1013 1666 capit.
1022 1621 1033 1642 n
1043 1596 1122 1649 Coos.
1133 1595 1204 1647 inira
1213 1613 1252 1647 vs.
1266 1593 1314 1645 168
1323 1609 1381 1662 seq.

310 1709 347 1720 —
355 1685 473 1738 Panassa
480 1701 491 1741 ,·
502 1677 564 1732 ride
577 1698 640 1732 mox
648 1682 715 1735 Var.
729 1683 849 1735 Lection.
858 1685 975 1742 adeunte,
987 1681 1150 1753 propinqus.
1163 1709 1198 1721 -·
1206 1681 1263 1730 Nilo
1273 1679 1366 1745 tepenti
1372 1697 1384 1738 ,·

311 1759 374 1816 vide
383 1761 418 1815 ad
427 1762 483 1826 Vl,
498 1762 559 1832 ⁵²7·
998 1795 1000 1802 ι

347 1946 415 1992 Vas.
437 1954 495 2008 ¹49·
512 1945 620 2010 Petfiisa
637 1945 770 2012 (irrigata,
784 1957 812 1996 nt
825 1947 892 2012 apud
904 1943 969 1995 Plin.
982 1948 1027 2007 tv,
1046 1961 1093 2002 ιη
1106 1946 1138 2005 V,
1154 1961 1187 2007 ²9
1202 1943 1266 2009 ab),
1280 1951 1329 2004 ²4.
1342 1945 1386 1999 ²52

315 2044 357 2089 ²⁷·
370 2034 489 2091 tt-to,
503 2029 619 2092 54-69,
633 2041 753 2092 7ι-74,
768 2047 810 2093 77,
824 2041 849 2080 et
861 2031 922 2079 Cod
936 2033 1037 2078 Patean.
1051 2029 1141 2077 Nostra
1151 2027 1223 2076 lertio
1236 2025 1389 2092 preferenda

312 2110 425 2172 videtur,
445 2111 618 2176 mapisvtatuen
634 2114 662 2162 in
673 2115 745 2178 epioo
759 2124 843 2178 poeta,
857 2129 931 2178 qnam
948 2114 976 2162 in
990 2114 1098 2161 mtirieo.
1109 2139 1144 2150 —
1156 2116 1272 2159 Percussa
1286 2111 1388 2158 Oceano

313 2201 350 2239 est
361 2193 415 2253 eins
427 2192 542 2242 fluctibns
552 2195 659 2257 pulsata,
671 2209 715 2242 sen
725 2195 859 2243 verberata.
870 2221 907 2233 -
918 2195 1107 2244 Distinotionem
1118 2195 1235 2254 majorem
1247 2193 1320 2257 posui
1328 2203 1388 2256 pust

311 2275 470 2340 elephantos,
483 2293 536 2327 non
548 2290 605 2343 post
620 2279 725 2344 tepenti,
738 2291 766 2328 ιιι
776 2280 819 2328 bio
830 2295 930 2344 qnoque
941 2295 1025 2328 versus
1041 2279 1072 2327 nd
1087 2278 1214 2343 superiora
1227 2288 1252 2326 et
1264 2277 1386 2325 ambitum

312 2362 423 2427 linusque
432 2364 520 2413 Aleion
529 2365 656 2414 referatur.
667 2366 809 2414 Henninins
818 2376 842 2414 et
853 2365 894 2413 alii
902 2364 970 2412 hnnc
982 2381 1081 2412 versum
1089 2373 1239 2412 connectunt
1249 2377 1305 2410 oum
1317 2377 1389 2425 seqq.

311 2457 339 2494 nt
351 2463 439 2496 sensns
451 2448 482 2496 sit
490 2464 496 2495 :
503 2448 633 2514 AEtbiopite
643 2459 668 2496 et
678 2447 823 2514 elephantis,
835 2448 885 2496 boe
896 2459 943 2507 est,
953 2449 1127 2508 Mauretaniae,
1139 2463 1183 2495 sen
1194 2447 1283 2495 atriae
1294 2461 1388 2506 runica,

313 2530 408 2592 adhue,
423 2531 532 2590 additur,
545 2532 688 2595 adjungitur
704 2533 832 2597 Hispania.
849 2532 898 2580 Sed
914 2549 967 2580 non
980 2532 1044 2582 bene
1058 2534 1094 2582 sio
1105 2533 1187 2581 Africa
1197 2531 1350 2595 designatur,
1361 2541 1389 2578 et

313 2630 363 2663 voa
375 2615 487 2679 imperiis
496 2616 603 2664 additur.
617 2620 709 2664 Versus
722 2632 768 2680 pso
779 2631 862 2664 narras
872 2618 938 2677 eonj.
953 2620 985 2664 Η.
995 2618 1077 2666 Vales.
1088 2617 1136 2666 boo
1146 2633 1219 2666 mnan
1229 2633 1235 2664 ε
1247 2616 1278 2664 ad
1290 2615 1388 2664 AEtbio-

311 2695 379 2762 piam
388 2715 487 2758 sersus,
495 2709 538 2747 aut
546 2699 662 2748 adversm
673 2699 822 2764 Ethiopian
833 2709 858 2748 et
867 2711 957 2758 terram
969 2702 1163 2766 elephantorum.
1173 2702 1224 2766 Ego
1235 2701 1295 2749 olins
1304 2700 1389 2766 auspi·

311 2781 385 2830 nabar
393 2783 522 2849 legendum
532 2799 584 2832 esse
588 2797 705 2846 prorsas,
715 2784 795 2848 plane.
806 2784 854 2832 Sed
864 2784 921 2832 vide
930 2785 1068 2834 Commeat
1077 2814 1113 2823 —
1124 2783 1237 2849 Aliaeque
1246 2783 1390 2850 elephantos

312 2865 442 2925 exhibent,
463 2882 509 2924 so,
526 2875 637 2928 st-np,
654 2868 772 2928 ni-ho,
792 2868 913 2930 54-74,
929 2879 957 2916 nt
972 2869 1101 2932 epitheton
1116 2867 1148 2915 sd
1164 2867 1329 2915 diversitatem
1348 2867 1392 2914 rel

313 2957 432 2996 terrarum
445 2948 543 3013 Libyas,
555 2950 581 2997 in
593 2950 683 3013 quibus
693 2950 817 3014 elephanti
827 2953 892 3010 sint,
908 2949 947 3000 vel
961 2952 1148 3017 elephantorum
1160 2951 1187 2998 in
1198 2951 1351 2998 Mauretania
1363 2960 1390 2998 et

313 3031 448 3098 AEthopia,
460 3048 503 3080 seu
512 3030 636 3098 AEthiopia
644 3033 792 3082 occidentali
801 3046 826 3082 et
833 3035 959 3096 orientali,
969 3036 1006 3084 sel
1016 3038 1126 3100 ipsorum
1136 3035 1278 3099 Ethiopum
1287 3043 1389 3098 spectet.

312 3114 351 3162 De
365 3113 411 3160 hae
423 3114 479 3162 vide
493 3115 589 3166 Consu.
601 3133 703 3181 eamque
716 3117 849 3182 significari
861 3119 984 3183 putabant
995 3121 1144 3182 Grangaeus,
1155 3113 1245 3180 Rigalt.
1254 3127 1278 3164 et
1288 3117 1345 3176 alii,
1359 3126 1389 3164 nt

313 3195 360 3245 ulii
368 3214 452 3261 propr.
463 3215 514 3247 uon
525 3198 647 3263 elephanti
656 3201 719 3261 sint,
731 3202 774 3250 sed
784 3203 919 3267 AEthiopas.
931 3204 1023 3252 Confer
1033 3205 1092 3250 Stat.
1102 3201 1182 3250 Theb.
1197 3203 1234 3258 tt,
1250 3201 1291 3250 85.
1305 3201 1389 3248 Multo

313 3280 469 3344 probabilior
478 3282 575 3330 videtur
588 3284 727 3332 emendatio
742 3285 880 3344 Plstbneri,
898 3288 941 3351 qui
951 3287 1070 3349 altosque
1080 3284 1227 3344 conjiciebat
1235 3283 1290 3332 noll.
1304 3282 1390 3330 verbis

313 3360 439 3413 Ptolemaei
450 3369 541 3414 :Juxta
552 3366 654 3429 Libyam
664 3383 757 3432 magna
767 3367 912 3433 AEthioparn
926 3368 1007 3434 ugia,
1021 3368 1046 3415 in
1055 3385 1105 3433 qua
1115 3367 1255 3432 elephanti,
1270 3367 1324 3414 albi
1333 3383 1389 3414 ons·

315 3463 368 3509 nes,
381 3458 405 3494 et
414 3448 588 3507 rhinocerotes,
601 3461 625 3497 et
634 3449 705 3515 tigres
716 3462 777 3500 sant.
789 3451 920 3515 Elephanti
931 3452 1040 3516 vulgares
1053 3461 1112 3499 snut
1122 3453 1171 3500 fere
1184 3450 1276 3498 dnesei
1285 3449 1390 3514 (graia),

314 3529 420 3580 rariores
432 3531 513 3594 rubri,
528 3550 571 3581 sen
582 3533 649 3598 rufi,
663 3545 687 3581 et
700 3536 818 3582 rarissimi
828 3536 942 3592 candidis
956 3536 1023 3584 nude
1035 3537 1061 3584 in
1074 3537 1157 3600 regnis
1166 3537 1234 3600 Pegai
1244 3545 1268 3582 et
1277 3533 1344 3582 Siam
1356 3535 1389 3582 sle

314 3617 369 3666 solo
379 3618 451 3668 titulo
463 3618 525 3684 regis
536 3619 641 3668 candidi
651 3619 777 3684 elephanti
791 3632 892 3670 cruenta
903 3621 963 3670 olim
976 3619 1040 3669 bella
1050 3631 1103 3670 orta
1113 3637 1166 3668 essa
1181 3628 1299 3668 uresnorat
1315 3619 1351 3668 hl.
1366 3621 1390 3667 le

316 3702 396 3748 Biana
407 3703 434 3750 iu
450 3705 561 3753 ltinerar.
578 3706 630 3752 lise
642 3705 814 3754 emendatione
823 3715 918 3768 recepta
930 3715 994 3752 totns
1001 3705 1043 3754 bio
1053 3721 1138 3754 versus
1146 3703 1177 3752 ad
1186 3703 1335 3766 AEthiopiam
1344 3701 1390 3750 tle-

315 3786 450 3834 notandam
460 3787 575 3851 pertinet.
583 3788 630 3838 Sed
640 3790 666 3836 in
675 3789 796 3854 AEtbiopia
806 3805 888 3836 omnes
899 3789 1042 3854 elephantos
1049 3789 1123 3836 luisse
1132 3785 1326 3850 candidos,qnis
1338 3786 1389 3834 sibi

312 3868 455 3931 persuaderi
464 3871 588 3934 patiatur?
598 3871 628 3918 Et
636 3870 689 3918 albi
698 3872 764 3936 apud
774 3872 878 3920 Ptolem.
887 3881 945 3920 snut
953 3869 1037 3919 forsan
1047 3870 1119 3927 coni,
1132 3887 1175 3918 sea
1186 3867 1288 3919 cinerei.
1297 3871 1389 3935 Aptio·
1402 3863 1404 3866 ⁵

313 3965 353 3997 res
362 3967 460 4014 qnoque
469 3953 581 4002 hocloco
591 3965 649 4001 snnt
657 3955 705 4002 alti
709 3954 841 4018 elephanti.
848 3955 912 4002 Vide
920 3955 1014 4002 Conana.
1022 3953 1118 4018 quelli.
1127 3953 1217 4001 Jacobs
1226 3953 1277 4002 bne
1284 3954 1390 4002 adnota-

312 4034 366 4081 vit:
380 4057 391 4078 ι
401 4037 540 4100 legendum
555 4037 642 4085 Furnos
657 4037 795 4103 AEthiopanr
810 4039 960 4102 adpopulos
976 4037 1045 4104 (vide
1061 4037 1092 4085 ad
1107 4039 1172 4096 111,
1191 4038 1256 4104 sot)
1270 4039 1389 4103 albasque

314 4118 452 4186 elephantos
462 4120 680 4188 Adds'tarimperiis
688 4121 816 4186 Hispania.
826 4120 992 4186 Elephantnsn
1001 4139 1078 4186 genna
1087 4121 1216 4188 Ethiopiae
1225 4121 1317 4171 linibus
1327 4138 1392 4188 pro·
