3030 4984
234 435 239 446 ·
339 439 402 504 250
503 392 508 398 ’
623 436 666 500 n.
688 431 822 498 suun
844 431 1118 500 suvuusms

334 553 448 634 Dona,
464 547 515 618 vel
530 549 670 641 antiquo
683 547 810 642 positos
823 573 843 616 a
856 567 936 642 rege
951 570 1103 618 coronas.

333 662 415 728 Haec
429 657 476 727 ibi
493 658 521 726 si
541 682 611 726 uon
627 671 722 744 sunt,
741 659 854 728 minor
870 671 975 728 exstat
989 657 1186 754 sacrilegus,
1207 659 1266 753 qui
1357 675 1410 727 ¹50

334 767 443 838 Radnt
461 767 606 837 inaurati
622 767 733 838 femur
746 765 918 854 Herculis,
939 781 974 836 et
985 766 1104 840 faciem
1120 767 1227 862 ipsam

335 879 507 974 Neptuni;
526 879 584 974 qui
598 877 801 950 bracteolsm
814 877 856 948 de
870 881 1009 950 Castore
1023 877 1133 948 ducet.

335 992 390 1060 An
404 988 551 1076 dubitet,
565 987 681 1062 solitus
696 1001 807 1058 totum
819 988 967 1060 conflare
978 985 1188 1060 Tonantem?

335 1097 463 1171 Confer
476 1114 510 1168 et
525 1097 669 1170 artifices
681 1113 971 1192 mercatoremque
984 1098 1128 1186 veneni,

334 1213 379 1280 Et
392 1207 627 1280 deducendum
642 1209 737 1280 corio
750 1208 845 1279 bovis
859 1209 894 1278 in
910 1233 1017 1294 mure,
1034 1231 1112 1278 cum
1127 1233 1195 1304 quo
1360 1221 1409 1276 1⁵⁵

336 1318 512 1391 Clauditur
530 1318 674 1390 adversis
693 1319 829 1389 innoxia
844 1318 941 1388 simio
957 1317 1044 1391 fatis.

384 1433 467 1500 Haec
480 1445 584 1526 quota
596 1456 672 1525 pars
688 1429 959 1522 scelerum,quae
975 1443 1087 1498 custos
1100 1426 1250 1498 Gallicus
1262 1424 1371 1496 Urbis

337 1539 452 1634 Usque
468 1563 489 1607 a
504 1537 663 1627 lucifero,
680 1539 788 1610 donec
801 1538 860 1610 lux
874 1539 1021 1623 occidat,
1040 1535 1157 1608 audit?

338 1650 487 1719 Humani
505 1650 637 1744 generis
651 1670 760 1720 mores
774 1649 836 1720 tibi
851 1673 948 1719 nosse
964 1646 1090 1717 volenti

337 1757 472 1830 Sufficit
488 1784 555 1828 una
571 1759 713 1830 domus:
731 1783 857 1856 paucos
871 1777 1030 1829 consume
1043 1757 1129 1842 dies,
1145 1769 1181 1824 et
1360 1771 1413 1822 160

337 1868 458 1938 Dicere
476 1884 507 1939 te
528 1868 903 1964 misorum-postquam
920 1866 1012 1936 illinc
1026 1865 1173 1950 veneris,
1191 1863 1286 1932 aude.

338 1977 423 2068 Quis
440 1980 604 2058 tumidum
622 1995 741 2076 guttur
758 1979 901 2050 miratur
919 1978 956 2046 in
971 1973 1135 2070 Alpibus?
1151 1987 1209 2042 eut
1221 1973 1299 2067 quis

339 2091 381 2157 In
399 2091 518 2158 Meroe
536 2114 647 2159 crasso
663 2089 826 2184 majorem
843 2087 971 2158 infante
991 2081 1192 2156 mamillam?
1288 2145 1301 2176 0

339 2198 469 2269 cerula
482 2200 557 2293 quis
572 2200 701 2294 stupuit
714 2200 875 2268 Germani
888 2197 1031 2284 lumina,
1048 2195 1169 2266 llavam

339 2413 418 2470 nuria
430 2413 624 2490 populorum,
643 2433 759 2474 corone
773 2416 811 2474 cb
821 2416 919 2491 aliquo
932 2433 1000 2492 rege
1009 2413 1107 2490 prisco
1116 2408 1233 2486 Superis
1248 2409 1373 2480 oblate,
1385 2420 1418 2466 et

338 2506 370 2562 in
381 2506 494 2582 templis
510 2508 649 2582 repositae.
668 2507 793 2578 Quodsi
807 2508 905 2583 praede
922 2519 980 2564 um
991 2507 1072 2564 dives
1089 2505 1121 2562 in
1137 2503 1173 2560 iis
1188 2503 1269 2560 nulls
1284 2501 1418 2572 exsistit,

338 2617 431 2656 auree
448 2601 560 2656 laminae
574 2599 610 2657 de
629 2600 739 2658 femore
757 2602 903 2671 Herculis,
925 2600 962 2659 de
977 2601 1061 2657 vultu
1076 2599 1138 2674 ipso
1153 2595 1298 2672 Neptuni,
1311 2607 1364 2652 snt
1379 2595 1420 2651 de

341 2690 460 2748 Castore
471 2690 655 2748 abraduntur
665 2712 682 2748 a
692 2690 837 2769 sacrilegis
850 2691 1027 2750 levioribus:
1040 2709 1094 2748 nec
1107 2689 1233 2759 mirum,
1243 2687 1353 2762 quippe
1363 2685 1419 2760 qui

339 2784 491 2862 graviora,
501 2784 586 2842 nullo
597 2783 722 2860 perculsi
737 2793 831 2854 metu,
844 2783 950 2862 flagitia
964 2784 1109 2860 suscipere
1125 2783 1254 2850 soleant,
1273 2800 1307 2837 sc
1323 2789 1421 2836 totam

258 2941 262 2958 Ι
339 2875 421 2934 Iovis
447 2875 574 2936 tonantis
593 2894 630 2934 ex
649 2895 723 2934 auro
742 2887 865 2933 staturam
892 2877 954 2953 igni
974 2875 1157 2952 liquefacere.
1184 2875 1328 2948 smmpara
1347 2891 1420 2930 cum

339 2969 444 3028 eodem
454 2967 548 3026 amico
560 2968 722 3044 depositum
734 2969 789 3031 tibi
799 2969 990 3040 subducente,
1001 2969 1067 3026 illos
1076 2966 1306 3044 quiptrant,vel
1316 2975 1425 3022 emunt

341 3079 469 3132 venensr
484 3079 617 3138 compara
630 3061 803 3138 parricidas,
815 3062 921 3138 quibus
932 3063 993 3118 haec
1006 3061 1132 3137 irrogata
1143 3057 1255 3134 legibus
1266 3075 1347 3132 poenn
1358 3067 1408 3112 est
1415 3096 1424 3125 ,

342 3165 375 3211 ut
391 3154 495 3212 inclusi
507 3173 590 3213 sacco
604 3174 621 3214 e
636 3155 720 3214 bovis
736 3157 811 3230 pelle
822 3157 914 3226 l'ncto,
927 3155 1014 3212 simul
1029 3169 1095 3212 cum
1105 3151 1214 3210 infelici
1224 3161 1253 3207 et
1265 3149 1424 3206 innocenti

342 3245 437 3315 simia,
447 3246 478 3302 in
489 3263 589 3321 sequor
601 3246 785 3320 objiciantur.

385 3336 450 3411 157.
471 3339 540 3396 Hrec
555 3349 652 3398 tumen
665 3341 791 3412 scelera,
807 3356 870 3416 qne
882 3342 1019 3400 hactenus
1032 3339 1205 3409 memoravi,
1217 3335 1338 3394 minime
1350 3351 1423 3409 pers

343 3452 445 3492 eorum
455 3442 538 3503 sunt,
553 3427 617 3510 quae
629 3433 761 3510 quotidie
772 3434 808 3492 nd
820 3433 962 3492 Rutilium
976 3435 1132 3504 Gallicum,
1143 3432 1225 3490 urbis
1232 3429 1424 3505 prefectum,

340 3526 427 3586 unius
449 3537 561 3584 tuntum
577 3525 636 3584 diei
652 3526 743 3602 spatio
758 3547 775 3584 a
788 3546 871 3584 mnne
887 3527 925 3585 ad
938 3545 1086 3604 vesperam
1102 3526 1283 3585 deferuntur.
1302 3520 1337 3578 Si
1348 3520 1426 3578 velis

339 3637 424 3678 nosse
446 3639 533 3696 quum
550 3619 705 3696 profligata
723 3620 874 3678 hominum
886 3620 945 3678 vita
960 3618 1016 3690 sit,
1036 3639 1124 3678 unam
1140 3616 1227 3691 hujus
1244 3612 1352 3673 Gallici
1372 3613 1425 3668 iu-

341 3710 419 3786 spice
434 3711 570 3784 domum,
584 3711 656 3788 quid
671 3712 702 3768 in
713 3731 746 3769 ea
761 3721 888 3788 geruum,
906 3727 959 3787 per
976 3710 1036 3769 dies
1050 3710 1163 3785 aliquot
1172 3703 1322 3782 expende;
1339 3713 1426 3772 tum,

285 3835 289 3844 ·
342 3819 397 3878 per
415 3821 462 3860 me
478 3803 590 3876 licebit,
612 3805 746 3880 deplores
767 3804 957 3862 calamitatem
979 3814 1066 3860 tuam
1086 3803 1181 3860 Nemo
1200 3796 1321 3873 Alpium
1339 3795 1429 3852 inco-

343 3897 385 3954 lss
406 3896 523 3954 tumidis
544 3897 751 3976 strumosisque
774 3918 835 3958 esse
854 3898 1003 3969 laticibus3
1024 3915 1110 3956 nemo
1132 3892 1287 3952 mulierum
1307 3891 1430 3965 AEgyp-

341 3987 445 4046 tinum
458 4005 594 4050 mammas
608 3991 703 4050 obesis
720 3991 816 4068 pueris
829 3991 983 4050 crassiores
997 3990 1138 4048 miratur:
1152 4004 1240 4044 nemo
1251 3985 1432 4040 Germano-

325 4099 408 4140 -rum
421 4083 522 4140 oculos
539 4084 661 4142 ceruleo
679 4086 778 4143 colore
798 4084 918 4158 tinctos,
936 4083 1026 4142 llnvos
1044 4081 1215 4140 eorumdem
1235 4077 1344 4146 crines,
1368 4093 1430 4130 un·

342 4187 450 4253 guento
465 4177 610 4239 delibutos
622 4189 651 4238 et
664 4180 757 4238 instar
767 4197 911 4240 cornuum
927 4187 1094 4238 recursuros
1101 4196 1112 4250 ;
1125 4175 1193 4254 qnia
1207 4172 1349 4232 nimbum
1362 4167 1433 4225 baec

562 4413 570 4447 Ι
