3030 4984
228 473 281 566 lli
303 477 520 544 sattoatt
543 477 775 545 nssctttattt
799 477 1039 544 TERTIAM.
1102 477 1167 564 267

121 587 221 660 epotoin
235 587 347 645 deorum
360 591 491 648 conviviis
501 604 608 647 nectare
615 629 624 658 ‚
637 611 700 648 mox
711 590 790 666 nigra
799 591 911 646 brachia
920 603 1010 646 movet
1019 590 1049 644 ia
1057 587 1170 644 taberna

121 669 224 742 liparea
232 697 243 719 ι
252 673 306 726 En.

145 770 204 824 lior.
220 775 262 836 462
282 776 426 828 Pmndebat
435 777 539 844 quisque
549 777 610 828 deus
623 776 684 838 ribi,
703 774 845 846 privatim,
858 774 947 838 uoluat
961 768 1083 824 nondum
1097 767 1169 822 enim

119 853 230 908 luxuriosi
236 868 321 908 eram.
332 865 341 892 ¹

146 953 206 1004 Nor.
222 959 254 1023 47
270 969 326 1024 aeq.
343 952 475 1018 Πολυᾶιΐκ,
494 969 510 1006 a
523 953 611 1024 poetis
628 950 736 1019 efficta,
753 949 842 1024 lepide
855 949 993 1004 irridetur.
1004 947 1084 1003 conr.
1096 945 1170 1001 Ptin.

120 1034 156 1098 ΙΙ,
167 1053 193 1104 7,
201 1048 225 1088 et
235 1035 291 1088 Cic.
305 1033 340 1088 de
349 1037 415 1090 Nat.
425 1038 506 1089 Deor.
519 1036 628 1107 panim.

148 1133 207 1184 lior.
224 1133 267 1195 48.
285 1131 365 1186 Conf.
374 1129 549 1188 Wernadorf.
563 1133 636 1186 Poet.
650 1131 715 1189 min.
730 1133 941 1204 tom.111,peg.
955 1129 1002 1196 56;
1012 1142 1095 1184 uoetr.
1105 1129 1171 1185 edit.

120 1214 222 1281 tetuli,
234 1233 295 1288 pag.
311 1217 369 1270 113.
382 1215 435 1269 Eo.
448 1245 484 1256 -
495 1219 628 1282 Misenum,
640 1215 723 1282 bene,
734 1215 770 1270 ob
781 1215 938 1288 gravitatem
951 1213 1088 1288 ponderis.

146 1360 206 1409 tar.
223 1367 266 1425 49.
284 1360 396 1410 Necdum
405 1395 415 1422 ,
430 1375 473 1412 at.

146 1457 204 1504 var.
221 1457 262 1506 5ο.
280 1458 364 1515 Pluto,
379 1457 632 1519 16,17,18,2a‚23,
647 1463 694 1520 at,
704 1459 748 1518 64.
760 1457 860 1520 Pluton,
871 1453 993 1518 metron,
1003 1451 1174 1518 dicitnrvirg.
1223 1497 1230 1523 ,

120 1537 201 1591 Eoeid.
211 1541 273 1606 illl,
289 1541 355 1608 3²73
367 1540 456 1591 Claud.
468 1543 501 1590 tt.
513 1542 539 1590 Ρ.
548 1543 572 1600 l,
586 1540 637 1603 276
646 1541 676 1590 al.

148 1631 210 1688 Nor.
226 1639 274 1702 49,
286 1635 330 1688 50.
349 1633 479 1689 Nondum
492 1634 589 1708 aliquia
603 1647 683 1710 poeta
694 1645 863 1688 oommeutue
875 1643 947 1696 erat,
959 1629 1070 1686 Saturni
1082 1627 1173 1694 lilios,
1206 1620 1219 1704 ’,ζ

120 1713 216 1782 lovem,
225 1719 381 1791 Neptunum
389 1729 416 1772 et
428 1721 568 1774 Plutonem
580 1717 615 1773 de
628 1715 723 1773 mundi
735 1718 848 1789 imperio
860 1718 955 1768 sontior
965 1733 1029 1768 ease.
1044 1745 1079 1755 -
1093 1717 1175 1780 Impe-

122 1801 175 1852 νῦν·
183 1805 311 1872 pinsendi,
326 1802 408 1856 marie
424 1806 497 1874 (nou
511 1803 676 1874 inferorum)
689 1835 698 1872 ·,
711 1805 793 1868 triste,
809 1803 847 1856 ob
863 1811 1047 1874 tempestates,
1063 1797 1090 1849 io
1106 1795 1175 1850 mari

123 1885 253 1953 aurientes,
267 1907 327 1962 quar
340 1900 381 1941 tot
391 1888 575 1942 calamitatum
589 1905 688 1942 causata
696 1897 768 1940 eunt.
780 1916 817 1928 -
827 1892 934 1952 Pluton,
946 1883 1068 1948 Πλούτων,
1077 1894 1172 1940 toruos,

123 1983 204 2036 emur,
213 1969 309 2040 durus,
318 1972 509 2039 inexorabilis,

278 2109 285 2124 .
307 2109 315 2124 .
334 2107 343 2123 .
362 2070 370 2123 .’
390 2109 400 2125 .
420 2107 426 2118 ·
446 2059 518 2132 itha
533 2071 657 2143 ἀμιῖλιχος
670 2068 711 2130 ἧδ’
725 2066 875 2142 ἀδάμαστος.

274 2153 382 2206 Teium
390 2154 434 2208 καί
446 2173 473 2208 τι
481 2156 585 2228 βροτοῖσι
593 2159 651 2206 dafua
663 2155 767 2222 Ιχθιστος
778 2153 907 2218 ἁπάντων,

122 2247 190 2300 iloto.
200 2247 277 2303 Iliad.
291 2250 426 2317 tit,158,
443 2250 499 2320 159.
508 2281 545 2292 --
557 2253 617 2304 Cum
630 2254 733 2322 conjuge
742 2254 840 2312 Sicula,
853 2249 1029 2320 Proserpina,
1043 2246 1072 2300 in
1082 2244 1175 2300 Sicilia
1220 2301 1222 2308 χ

120 2343 173 2386 nata
181 2345 287 2408 etrapta
299 2355 315 2389 a
326 2336 441 2390 Plutone
448 2338 523 2410 juxta
539 2335 677 2396 Hennam,
693 2335 767 2388 unde
777 2347 803 2386 et
815 2337 927 2384 Hennaea
939 2330 1047 2386 dieitur.
1058 2333 1098 2384 De
1107 2331 1175 2382 Pro·

121 2415 225 2488 rupina,
234 2417 286 2470 vid.
301 2422 421 2472 erenum
433 2421 571 2485 symbolik,
584 2430 648 2472 torn.
661 2418 710 2481 lV,
721 2434 784 2489 pag.
794 2414 846 2480 344
856 2433 910 2488 aeq.

152 2559 212 2608 Vn.
228 2560 265 2610 52.
281 2553 393 2627 legibus,
407 2569 450 2620 94.

150 2647 212 2704 Nor.
230 2653 272 2718 51,
292 2653 333 2707 52.
352 2653 432 2706 Conl.
447 2651 482 2705 ad
493 2654 538 2718 ΙΙ,
557 2659 607 2722 149
624 2671 678 2724 seq.
697 2649 826 2704 Nondum
841 2648 939 2723 aliquis
954 2641 1036 2720 poeta
1052 2645 1176 2702 fabulose

123 2735 194 2790 multa
203 2735 346 2790 tradiderat
357 2735 393 2792 de
404 2738 498 2792 inieris
507 2751 532 2790 et
543 2736 630 2810 poenia
640 2735 679 2789 ibi
689 2734 811 2804 luendis,
824 2733 899 2789 verb.
908 2752 983 2786 caue.
996 2730 1030 2785 de
1040 2744 1092 2782 roto
1104 2730 1177 2783 Ixio-

123 2819 164 2886 ait,
174 2817 204 2873 de
215 2824 302 2884 latiis,
313 2821 347 2874 de
357 2842 424 2874 saxo
432 2821 541 2896 Sisyphi
552 2834 578 2874 et
588 2821 622 2873 de
631 2824 729 2871 vulture
738 2833 800 2878 atro,
812 2821 890 2892 jecur
899 2816 975 2890 Tityi
984 2828 1010 2869 et
1025 2809 1178 2868 Promethei

127 2900 278 2976 depascente3
298 2925 385 2979 neque
401 2907 482 2960 etiam
498 2905 533 2959 de
547 2907 645 2975 regibus
652 2903 844 2977 judicibusque
860 2904 978 2972 infirmis,
998 2899 1032 2952 de
1046 2900 1176 2961 Plutone,

127 2984 306 3056 lliuoe,AEaco,
316 2989 537 3054 Rhadamantho,
545 2989 715 3061 Triptolemo
725 3006 732 3042 :
743 3005 806 3040 nam
815 2987 859 3041 his
867 3006 922 3039 non
932 3003 1000 3057 opus
1007 2996 1079 3046 erat,
1093 2999 1177 3054 quum

127 3072 208 3126 ttelera
225 3093 256 3126 ne
272 3086 336 3126 nota
356 3071 466 3147 quidem
484 3085 585 3136 essem,
605 3071 705 3125 nedum
725 3070 944 3136 admitterentur,
966 3088 1052 3142 neque
1069 3067 1134 3120 talia
1148 3065 1178 3120 itt
1227 3127 1233 3150 Ι,

129 3169 221 3209 mentem
228 3156 540 3222 veniebanthominibue,
551 3175 666 3230 quorum
673 3169 699 3212 et
704 3155 760 3210 rita
769 3169 796 3209 et
803 3155 899 3228 religio
908 3153 1103 3227 simplicissima
1110 3161 1176 3205 erat.

159 3251 213 3307 lior.
229 3251 270 3309 53.
287 3258 433 3324 improbitas
437 3293 447 3318 ,
465 3255 618 3326 exemplum
638 3253 832 3328 improbitatis,
850 3257 893 3306 ilio
911 3273 974 3314 avo,
999 3249 1074 3324 quod
1092 3261 1179 3324 poetae

132 3352 220 3390 tumen
235 3336 360 3394 dixerunt
377 3339 515 3400 aoecnlum,
535 3340 701 3408 admirabilis,
713 3337 847 3394 'inunitata
862 3352 890 3394 et
908 3335 1049 3404 inaudita,
1060 3337 1127 3406 ficit,
1149 3343 1179 3386 ut

131 3438 188 3476 nuuc
198 3423 329 3496 probitas,
343 3424 378 3479 de
391 3441 447 3501 quo
457 3420 512 3499 vid.
526 3441 587 3478 mox
598 3443 638 3477 va.
654 3427 684 3478 61
698 3442 754 3496 seq.

159 3567 218 3646 lar.¹
231 3569 271 3627 54.
290 3569 420 3634 Quodpro
431 3566 491 3630 lter,
504 3569 544 3630 1³,
560 3581 709 3632 17,19‚ao,
724 3583 765 3628 ar,
780 3568 822 3628 23,
837 3576 883 3628 aa,
898 3583 941 3631 ap,
955 3565 997 3624 45,
1009 3572 1056 3628 49,
1068 3563 1113 3621 tt,
1128 3557 1176 3623 ⁵5,

132 3649 258 3700 oxiam
266 3652 348 3704 Codd.
358 3652 436 3704 Paris.
451 3651 482 3700 Id
492 3652 584 3718 recapit
593 3651 657 3701 Aah.
665 3668 759 3719 quoque
768 3667 814 3718 pro
826 3649 886 3714 lton,
897 3666 939 3699 aa.

520 3807 752 3829 mmmm

162 3927 170 3954 ¹
184 3923 313 3976 Ilenninina
328 3925 442 3992 putabat,
458 3922 561 3976 deorum
572 3924 618 3974 de·
661 3925 782 3975 haverint.
801 3924 850 3974 Sed
869 3933 941 3990 poeta
956 3923 1041 3990 potina
1062 3937 1175 3972 commu·

131 3995 186 4049 litiae
195 4005 291 4070 teoptioe
302 4007 433 4072 exagitari,
444 4008 514 4072 quaei
525 4007 568 4072 qni
579 4005 619 4056 bie
662 4007 703 4054 nia
721 4005 824 4055 deorum
836 4004 950 4056 convivia
968 4003 1044 4062 ridet,
1062 4013 1086 4052 et
1097 4018 1176 4068 pron·

134 4074 160 4126 de
175 4079 207 4130 die
221 4095 397 4148 ratormentur,
415 4087 485 4150 quod
503 4087 572 4138 Pluto
591 4087 619 4136 iu
661 4085 780 4136 ‹lerehoo
792 4087 847 4136 loeo
863 4083 1052 4150 eatidenrquod
1064 4099 1177 4144 ooenare;
1249 4135 1254 4147 ἱ

19 4156 25 4189 ³²
133 4155 340 4231 laitadtttogen.
351 4165 517 4220 recinunt
527 4170 618 4232 Queat.
662 4167 715 4218 hac
730 4176 813 4216 roten
831 4166 907 4216 verba
927 4175 1090 4232 opponuntur
1111 4177 1176 4210 vere.

19 4242 23 4255 '
133 4235 161 4298 t,
171 4238 195 4288 ln
205 4243 263 4294 ltalia
275 4247 410 4314 Siculisque
421 4247 512 4298 menois
522 4248 620 4314 impro·
664 4257 695 4308 tu
709 4263 762 4313 aeq.
