3030 4984
190 803 504 924 SATIRA
554 803 1093 925 DUODECIMA.

126 1345 292 1478 Narem,
311 1395 473 1484 Corvine,
492 1396 546 1468 die
561 1395 645 1466 mihi
663 1395 795 1466 dulcior
808 1393 881 1464 haec
897 1393 968 1481 lux,

124 1499 189 1587 Qua
204 1501 309 1574 festus
324 1508 486 1600 promissa
501 1507 570 1576 deis
588 1503 743 1576 animalia
757 1530 870 1600 cespes

122 1613 288 1706 Exspectat
305 1642 313 1684 :
331 1618 465 1686 niveam
484 1621 606 1713 reginae
623 1618 776 1687 ducimus
793 1640 934 1712 agnam:

121 1721 178 1789 Par
193 1721 296 1794 vellus
312 1723 447 1796 dabitur
466 1729 632 1823 pugnanti
651 1729 811 1824 Gorgone
829 1727 958 1794 Maura.

121 1833 176 1901 Sed
189 1833 307 1926 procul
322 1852 497 1906 extensum
516 1835 668 1932 petulans
682 1837 791 1931 quatit
805 1836 914 1904 hostia
930 1831 1060 1918 funem,
1162 1847 1177 1892 ⁵

123 1919 251 2035 Tarpeio
270 1960 399 2014 servata
414 1948 432 2014 J
436 1945 509 2032 ovi,
529 1945 741 2042 frontemque
756 1959 928 2032 coruscat3

124 2047 240 2145 Quippe
255 2051 351 2121 ferox
366 2054 507 2140 vitulus,
525 2053 656 2149 templis
670 2071 822 2124 maturus
837 2069 870 2124 et
885 2077 967 2138 arae,

121 2157 386 2254 spargendusque
404 2188 515 2252 mero,
529 2189 636 2258 ,quem
653 2163 723 2258 jam
742 2165 847 2258 pudet
862 2161 966 2231 ubera
985 2159 1101 2229 matris

119 2268 256 2356 lluoere,
271 2272 330 2364 qui
345 2288 442 2343 vexat
455 2275 603 2344 nascenti
619 2273 741 2343 robora
756 2298 873 2342 cornu.

118 2379 150 2445 Si
163 2405 209 2449 res
224 2381 332 2475 ampla
345 2381 438 2452 domi
454 2383 635 2477 similisque
646 2381 825 2452 affectibus
839 2395 937 2463 esset,
1145 2411 1175 2445 ιο

118 2487 270 2582 Pinguior
282 2492 436 2586 Hispulla
455 2493 642 2563 traheretur
657 2508 790 2579 taurus,
805 2506 838 2562 et
854 2493 925 2586 ipsa

118 2595 202 2666 Male
218 2599 322 2696 piger,
340 2625 403 2671 nec
420 2601 564 2671 finitima
581 2603 727 2674 nutritus
746 2603 782 2670 in
799 2601 919 2686 herba,

119 2702 201 2774 Laeta
220 2709 278 2778 sed
291 2711 471 2782 ostendens
487 2709 649 2782 Clitumni
668 2735 789 2806 pascua
807 2709 942 2806 sanguis
1062 2715 1072 2734 '

332 2938 444 2977 sautu
466 2935 650 2978 motuum
672 2935 931 2976 tttrnmmto.

151 3050 173 3088 1.
191 3035 250 3092 llic
274 3035 351 3110 dies,
373 3057 392 3096 ο
413 3038 555 3110 Corvine,
576 3040 663 3096 natali
682 3058 748 3096 meo
768 3041 815 3096 die
835 3038 906 3095 mihi
926 3033 1084 3111 jucundior
1105 3041 1169 3090 est:

118 3120 168 3181 hec
182 3127 251 3183 mihi
271 3147 341 3185 vere
356 3129 428 3186 festa
447 3131 513 3202 lux,
533 3149 635 3205 quam,
654 3129 784 3187 uictimas
807 3127 986 3185 immolando
1008 3124 1120 3181 votivas
1136 3121 1173 3179 ad

120 3231 185 3272 tran
203 3237 219 3275 e
239 3219 311 3276 vivo
332 3221 438 3296 cespite
455 3231 613 3292 sunctum,
634 3221 780 3280 celebrare
799 3221 924 3279 decrevi.
946 3222 1031 3295 Agna
1051 3215 1173 3274 candida

120 3297 211 3366 Jauoui
226 3310 436 3369 sacrificaturus
453 3331 533 3386 snrn;
550 3333 623 3390 agna
641 3313 768 3389 ejusdem
784 3313 899 3371 velleris
916 3331 949 3369 ac
964 3311 1070 3369 coloris
1089 3307 1179 3365 dubi-2

119 3407 161 3454 tur
176 3403 290 3472 Palladi,
309 3424 373 3479 quae
391 3415 499 3481 pugnat
513 3417 622 3462 armata
638 3408 740 3482 clypeo
756 3406 881 3484 effigiem
901 3407 1009 3462 Mauras
1026 3401 1172 3478 Gorgonis

117 3505 240 3563 gerente:
260 3496 312 3553 sed
332 3495 438 3553 vitulus
457 3496 622 3572 Capitolino
636 3500 703 3556 Jovi
717 3499 890 3569 destinatus,
908 3499 1020 3568 mrtem,
1036 3516 1095 3574 qno
1107 3493 1172 3551 alli-

116 3594 189 3656 gatus
202 3598 257 3657 est,
278 3590 382 3663 procul
403 3598 552 3646 extensum
570 3591 709 3664 succutit,
730 3602 760 3648 et
779 3601 864 3666 caput
883 3589 1016 3664 petulans
1037 3594 1169 3662 quassat:

121 3687 212 3750 nempe
224 3679 282 3753 jam
299 3678 395 3750 ferox,
410 3679 469 3752 jam
484 3679 574 3736 ubere
590 3683 688 3739 matris
703 3683 852 3758 depulsus,
870 3681 995 3754 satisque
1009 3679 1120 3735 validus
1137 3687 1171 3735 ut

115 3771 313 3840 emergentibus
336 3773 462 3846 primum
483 3773 620 3830 cornibus
643 3774 761 3832 arbores
779 3774 915 3843 lacessat,
937 3791 969 3829 ac
989 3789 1042 3847 per
1058 3782 1169 3830 aetatetn

113 3857 237 3934 idoneos,
253 3877 286 3921 ut
298 3867 408 3939 templo
421 3879 449 3922 et
461 3865 517 3922 aris
529 3867 736 3936 admoveatur,
753 3867 871 3942 ejusque
884 3876 970 3942 capnt
984 3865 1054 3924 vino
1070 3886 1167 3943 asper·

114 3963 199 4027 gutur.
216 3957 245 4013 Si
261 3958 370 4014 divitiis
386 3956 533 4016 affluerem
542 4000 551 4030 ,
571 3979 603 4016 ac
619 3959 762 4016 voluntati
778 3977 846 4034 opes
866 3958 1094 4035 responderent,
1113 3959 1169 4016 ad-

17 4083 18 4088 1
115 4041 235 4103 ducerem
257 4052 293 4106 ad
312 4069 374 4106 aras
397 4061 511 4107 taurum
530 4052 660 4125 Hispulla
680 4051 769 4127 magis
789 4051 925 4124 obesum,
946 4071 1033 4127 quem
1055 4052 1167 4110 tardio-

115 4151 173 4190 rem
190 4141 270 4216 adeps
292 4162 326 4200 ac
342 4155 421 4200 vasta
441 4145 572 4221 corporis
587 4147 678 4204 moles
695 4147 819 4219 faceret;
837 4166 932 4224 neque
953 4147 1002 4203 ille
1020 4145 1051 4202 in
1066 4145 1170 4203 vicinis

114 4227 237 4292 educatus
253 4237 330 4296 iuret
352 4237 481 4315 pascuis,
506 4237 557 4298 sed
576 4239 720 4316 saginatus
743 4239 775 4297 in
794 4239 898 4320 opimis
920 4237 1059 4297 Clitumni
1075 4237 1168 4312 ripis,
