3036 4984
181 401 189 430 l

337 399 399 484 174
494 393 665 460 VARIAE
686 391 981 460 LECTIONES
1004 393 1070 459 ΕΤ
1092 392 1246 459 NOTAE

331 515 437 565 Heinsio
447 515 551 564 excitate
559 513 591 561 sd
602 513 730 564 Clsudisu.
742 513 790 562 loc.
799 509 867 561 lsnd.
878 523 929 561 tuns
940 528 972 560 ex
980 521 1081 560 receutt.
1090 511 1166 576 petits
1173 521 1230 558 sunt
1240 506 1425 580 scriptoribus,
1508 531 1509 584 p

332 610 385 648 tum
395 599 555 648 libreriornm
565 597 648 646 lorssn
659 597 793 657 socoudioe,
806 607 847 644 sut
858 597 952 661 stupori
964 595 1092 644 debentur.
1508 587 1509 602 ¹

368 691 437 744 Nor.
458 695 507 758 94,
521 693 565 758 9⁵·
586 688 766 742 «Testudines
780 701 861 745 tsutoe
875 686 1069 758 magnitudinis
1083 685 1209 740 Indicum
1219 701 1294 737 suste
1303 681 1423 747 emittit,

333 786 366 826 ut
376 773 544 844 singularum
555 773 694 845 superficie
706 772 868 826 habitabiles
878 791 953 825 cssss
967 773 1099 844 integunt;
1116 784 1196 843 utque
1210 769 1315 822 insulse
1327 767 1423 820 Rubri
1508 771 1509 776 ’

331 857 467 930 precipue
475 857 556 911 tnsris
568 858 611 910 his
622 859 749 928 navigant
759 859 976 931 cymbis...........
991 859 1024 910 ln
1035 855 1172 910 Phoenicio
1182 855 1249 908 suari
1260 852 1342 908 haud
1359 853 1422 906 utta

335 939 498 995 dillicultste
508 941 658 1013 cupiuntur,
668 953 737 994 etc.»
749 943 817 995 Plin.
832 941 882 1005 IX,
894 960 935 1006 ιο,
946 959 991 994 seu
1007 959 1046 994 ts.
1062 939 1257 993 «Testudinum
1269 939 1422 1010 putamina

333 1045 422 1082 secare
433 1027 460 1078 in
472 1025 586 1078 lsminss
598 1027 734 1097 lectosque
745 1039 771 1079 et
789 1025 947 1098 repositoria
960 1025 1004 1076 bis
1017 1025 1113 1077 vestire
1124 1023 1258 1078 Carvilius
1272 1021 1367 1074 Pollio
1379 1021 1422 1072 in·

333 1109 450 1174 stituit·
469 1107 506 1162 id.
524 1107 591 1161 ibid.
604 1127 627 1162 c.
645 1127 684 1170 ιι,
699 1109 746 1180 qui
760 1109 807 1162 lib.
821 1109 959 1173 XXXIII,
978 1127 1008 1176 9,
1024 1127 1070 1162 seu
1085 1110 1127 1172 51,
1140 1107 1235 1170 tradit,
1252 1107 1426 1168 Carvilium,

335 1193 460 1264 Equitem
474 1194 640 1254 Romsunm,
651 1193 734 1263 psulo
749 1205 811 1245 ante
821 1194 930 1246 Sullsnu
945 1205 1066 1265 tempora
1079 1193 1181 1246 vixisse.
1192 1190 1271 1245 cont.
1283 1189 1319 1242 de
1331 1203 1422 1244 testu·

297 1273 299 1286 '
336 1275 447 1328 dinibus
461 1293 492 1328 sc
506 1274 685 1346 supellectile,
703 1275 774 1348 inps.
789 1276 864 1330 lectis
879 1275 1049 1339 testudineis,
1060 1293 1128 1348 quos
1139 1275 1261 1329 Clemens
1278 1275 1356 1326 ttex.
1374 1291 1422 1338 χι-

334 1361 421 1419 λῶναις
432 1361 619 1428 πεποικιλμένας
633 1359 713 1420 κοίτας
724 1373 751 1412 et
759 1361 895 1414 Lucienus
903 1361 985 1420 stistte
997 1361 1046 1413 sissi
1057 1363 1160 1428 χιλόνις
1175 1353 1267 1418 liduit
1277 1358 1421 1430 sppellst,

335 1445 391 1510 Vl,
401 1445 450 1504 8ο,
465 1455 491 1496 et
501 1442 571 1495 Plin.
586 1444 615 1496 ll.
628 1444 840 1509 cc.etXXX11,
853 1452 893 1509 ω

370 1591 438 1638 Vns.
457 1589 500 1652 9⁵.
519 1588 654 1650 Etnobr'ls,
667 1603 712 1651 ιο,
723 1598 766 1650 st,
781 1591 896 1649 sti-ss,
907 1591 949 1648 st.

372 1683 440 1735 Nos.
451 1683 492 1749 95.
507 1684 661 1751 ijugenis,
672 1696 702 1736 ut
716 1702 775 1754 sup.
792 1683 816 1748 1,
830 1701 891 1744 too,
902 1683 949 1736 ubi
959 1681 1015 1737 vid.
1025 1694 1084 1736 not.
1093 1685 1257 1744 -ῙιιΙσηιιιι,
1266 1679 1420 1752 spondam.

335 1764 390 1820 vid.
405 1784 487 1837 supra
499 1763 535 1818 sd
546 1767 602 1828 Vl,
618 1784 659 1818 ss.
673 1767 748 1820 Lecti
758 1767 919 1820 tricliniares
929 1768 1066 1840 precipua
1077 1765 1251 1838 supellectilis
1264 1783 1340 1836 psrs.

371 1866 441 1919 Nor.
461 1870 505 1934 96.
526 1869 600 1917 Nudo
613 1870 701 1928 latere,
719 1867 800 1937 vulgo
812 1879 965 1938 exponunt:
977 1867 1033 1921 sine
1044 1867 1148 1932 fulcro,
1159 1863 1194 1918 sd
1208 1863 1281 1936 quod
1292 1863 1420 1918 discum·

336 1950 429 2002 benten
440 1968 468 2002 se
481 1949 623 2015 inclinent;
640 1949 687 2003 sed
697 1950 796 2003 rectius
806 1951 895 2004 Schol.
908 1969 962 2004 non
978 1962 1072 2004 ornatu
1084 1948 1234 2018 (testudine
1243 1950 1287 2002 vel
1298 1961 1419 2020 urgento

337 2037 457 2104 surore)
471 2032 585 2106 sponda.
598 2065 633 2076 -
646 2039 738 2097 Frons,
754 2036 871 2088 anterior
884 2053 947 2107 psrs
959 2035 1021 2087 lecti
1035 2047 1060 2088 et
1072 2035 1152 2087 sltior
1164 2033 1199 2086 sd
1214 2046 1310 2106 csput,
1327 2052 1399 2084 oerea
1407 2069 1416 2093 ,

336 2117 437 2170 lumins
447 2118 506 2169 uris
516 2116 634 2170 obductu
646 2134 653 2170 :
665 2117 739 2190 quod
750 2119 859 2172 unicum
869 2119 921 2172 luit
931 2121 999 2180 lecti,
1014 2131 1040 2172 et
1051 2116 1160 2192 quidem
1169 2119 1246 2191 psrvi
1255 2117 1344 2187 (conl.
1358 2117 1419 2182 111,

337 2201 387 2254 soi
397 2203 419 2272 ),
431 2211 626 2255 ornsmentnm.

372 2360 440 2408 Van.
458 2374 501 2422 97.
523 2357 578 2407 Vite
587 2361 654 2421 conj.
667 2361 820 2410 Heunin.ob
830 2359 905 2410 verbs
916 2359 1023 2424 Hygini,
1036 2357 1418 2422 incomm.lsudsts.Sicpoets

229 2464 232 2472 ¹
336 2441 392 2490 vite
402 2441 514 2490 coronati
522 2443 596 2491 lscete
607 2444 671 2492 dixit
680 2460 726 2508 pre
738 2443 793 2492 vite
802 2443 909 2508 alligati.
921 2445 968 2491 Sed
978 2441 1104 2507 epitheton
1114 2445 1161 2491 vile
1173 2447 1245 2492 etlssn
1254 2441 1419 2506 aptissimum

337 2535 373 2574 est
383 2526 409 2574 b.
423 2526 470 2575 loc.
486 2527 537 2576 sid.
549 2528 644 2577 Cosuttn
660 2528 746 2576 Melius
757 2538 840 2576 tumen
851 2543 970 2592 reponere
983 2526 1102 2575 somnatis
1117 2526 1275 2585 ostendebat,
1286 2525 1339 2572 scil.
1354 2543 1420 2573 eon·

337 2608 414 2668 visis,
428 2619 455 2658 ut
465 2625 540 2674 snprs
552 2613 583 2668 V,
598 2612 645 2670 36,
655 2610 698 2658 ubi
710 2611 760 2659 vid.
769 2611 864 2661 Coruus.
882 2611 1028 2661 Commta..
1094 2611 1191 2672 usella,
1204 2610 1301 2658 emend.
1312 2611 1417 2674 Soopps

338 2692 437 2740 Collect.
448 2695 473 2750 l,
488 2709 534 2756 ²73
549 2693 605 2742 coll.
617 2693 708 2742 l’sllsd.
724 2695 762 2752 11,
775 2691 817 2754 35,
832 2696 872 2744 16.
884 2695 992 2744 ·0nnts
1002 2696 1095 2743 semina
1105 2696 1186 2754 horti,
1204 2695 1242 2742 sel
1259 2694 1312 2758 sgti
1331 2694 1421 2740 ferun·

251 2769 254 2774 ’
338 2784 378 2822 tur
390 2775 421 2823 sb
435 2777 551 2824 omnibus
562 2775 631 2824 tuslis
641 2791 668 2824 sc
679 2777 797 2825 monstris
810 2788 860 2826 tute
870 2779 974 2838 κιιοιί,
983 2778 1004 2826 ιὶ
1015 2779 1114 2843 egrestis
1122 2777 1259 2826 cucumeris
1270 2775 1336 2824 tritis
1345 2775 1420 2823 redi·

338 2857 408 2906 cibus
421 2869 477 2907 snte
495 2869 666 2909 macerentur:
680 2861 738 2907 item
752 2875 820 2924 eque
835 2861 952 2919 calvarie,
969 2861 1012 2909 sed
1030 2877 1081 2908 nou
1096 2861 1211 2925 virginis,
1229 2861 1293 2907 intrs
1311 2860 1421 2907 hortum

338 2942 454 3006 ponenda
470 2952 517 3002 est,
531 2943 570 2990 rel
586 2941 656 2990 etism
670 2943 763 2993 seinse:
781 2944 917 2994 creduntur
928 2946 993 2993 enirn
1008 2960 1050 2993 sus
1067 2946 1194 3009 presentis
1207 2944 1341 2992 &enudare
1358 2960 1420 3007 que

338 3037 482 3091 spectsuts,
495 3036 519 3075 et
529 3027 625 3076 Colum.
639 3029 676 3086 X,
692 3029 750 3085 344.
767 3027 829 3076 ttius
839 3039 912 3094 capnt
927 3028 1043 3076 Arcadiis
1054 3030 1144 3076 nudum
1162 3038 1216 3077 cute
1227 3027 1312 3092 serm
1324 3029 1420 3076 aselle

339 3109 350 3174 (
357 3126 414 3157 usus
429 3111 461 3157 its
470 3101 601 3174 legendnm
614 3111 715 3175 putsbst
726 3127 773 3174 pro
787 3110 976 3161 Arcadici....,.
987 3111 1073 3176 mitt)
1087 3110 1218 3173 rfftssus
1225 3109 1317 3175 fixisse
1332 3111 1420 3175 Tages

338 3189 364 3237 in
378 3189 454 3238 limite
462 3191 533 3239 naris.
551 3193 610 3246 Ilssc
623 3207 682 3240 vero
693 3194 847 3257 superstitio,
861 3192 892 3240 sb
906 3194 1012 3241 Etruscis
1023 3195 1147 3258 profectu,
1160 3192 1191 3241 sb
1203 3193 1317 3240 hocloco
1329 3193 1419 3242 eliens

339 3283 393 3322 cst:
409 3289 466 3322 nsm
478 3275 612 3324 smuletuns
624 3276 686 3324 illud
701 3278 728 3324 in
745 3278 808 3342 agris
822 3279 974 3344 ponebstnr,
989 3294 1041 3326 nou
1057 3279 1085 3326 iu
1100 3279 1169 3326 lectis
1184 3279 1373 3343 conviviisspe,
1391 3290 1419 3326 et

337 3368 409 3422 poete
422 3368 507 3406 nones
514 3357 541 3406 id
552 3360 615 3424 sgit,
630 3371 658 3408 nt
668 3361 769 3421 dooest,
780 3378 830 3425 qno
840 3363 937 3414 diverso
948 3375 1037 3412 ornstn
1047 3363 1104 3411 lecti
1114 3362 1202 3427 priscis
1213 3373 1237 3409 et
1248 3363 1300 3410 suis
1313 3373 1417 3425 tempo-

338 3440 407 3490 ribus
422 3437 514 3489 luerint
533 3443 655 3492 instructi.
669 3445 802 3508 Nugsutur
815 3448 896 3510 itsque
911 3450 1057 3511 intemretes
1073 3456 1169 3494 tentum
1181 3461 1235 3494 non
1248 3461 1350 3504 omnes,
1367 3445 1416 3508 qui

338 3525 503 3589 suspicentur,
510 3526 607 3590 priscos
617 3527 730 3576 homines
741 3530 769 3576 in
777 3529 837 3593 ipsis
851 3545 957 3578 coenssse
967 3531 1043 3594 egris,
1060 3541 1095 3588 et,
1108 3530 1152 3594 qui
1160 3530 1188 3576 iu
1199 3529 1267 3576 lectis
1277 3528 1313 3576 ihi
1326 3529 1415 3576 discn-

338 3606 451 3668 bneriut,
460 3619 579 3672 spectasse
587 3610 684 3676 sibique
693 3613 798 3660 invicem
809 3614 944 3662 ostendIsse
952 3626 1026 3678 ceput
1034 3615 1111 3664 ssellse
1120 3614 1159 3661 vel
1168 3613 1248 3672 sselli,
1256 3613 1285 3660 in
1294 3627 1416 3678 sgromus

337 3691 456 3743 limitibus
470 3709 623 3758 suspensum.

375 3783 443 3838 Nos.
464 3800 507 3854 97.
526 3787 614 3858 Hujus
622 3791 691 3840 situs
702 3806 810 3842 csnssus
821 3789 957 3843 Ferrarius
968 3791 1052 3846 Elect.
1063 3792 1105 3857 Il,
1120 3795 1170 3856 26,
1186 3793 1242 3865 jaus
1250 3801 1321 3844 recte
1332 3788 1416 3861 petiit

757 3949 988 3972 mmm

376 4073 386 4098 ¹
405 4066 447 4114 Ad
459 4083 513 4132 qnae
521 4067 575 4116 locs
584 4069 636 4118 rid.
645 4072 768 4121 Hardnin.
780 4073 850 4122 Cous.
896 4074 927 4122 sd
936 4076 1003 4122 Post.
1013 4075 1064 4122 Lst.
1075 4073 1135 4123 min.
1145 4085 1205 4123 tom.
1214 4057 1265 4137 111,
1277 4091 1334 4142 pag.
1348 4078 1413 4140 tofi,

341 4147 412 4194 etism
424 4149 480 4196 Seu.
494 4149 552 4198 tten.
561 4151 620 4212 Vll,
629 4168 654 4215 9,
663 4161 686 4199 et
697 4153 851 4201 Wernsdorl‘.
896 4153 1045 4216 ettosu.1V,
1059 4168 1113 4218 psg.
1124 4154 1183 4215 657.
