3030 4984
378 409 552 478 SATIRA
573 403 986 479 naotttarnu'tm.
1034 425 1038 434 '
1148 421 1210 498 aaa

148 529 215 600 llos
229 526 406 597 homiuum
419 525 601 622 divumque
617 524 716 624 fidem
732 521 878 594 clamore
894 525 1034 614 memus,

146 639 280 728 Quanto
300 638 477 710 Faesidium
493 633 606 708 laudat
621 633 744 708 vocalis
760 651 915 736 agentem

144 745 311 844 Sportula.
327 749 393 818 Dic
406 747 517 818 senior
529 742 622 816 bulla
634 745 847 842 dignissima,
864 749 987 834 nescis,

144 858 235 948 Quas
254 859 373 932 habeat
388 861 536 930 Veneres
553 855 658 932 aliena
675 856 840 952 pecunia?
857 859 981 948 nescis,

144 969 255 1056 Quem
273 983 332 1038 tua
348 967 541 1064 simplicitas
558 968 664 1038 risum
682 968 785 1066 vulgo
797 987 951 1057 moveat,
970 997 1075 1066 quum
1181 995 1215 1050 35

144 1081 290 1175 Exigisa
306 1105 496 1176 quoquam,
515 1105 559 1153 ne
576 1079 717 1174 pejeret,
736 1095 770 1150 et
785 1095 883 1175 putet
896 1081 971 1153 ullis

145 1197 224 1263 Esse
239 1193 379 1288 aliquod
395 1218 522 1266 numen
538 1190 672 1288 templis
689 1217 823 1288 araeque
842 1194 998 1269 nubenti?

145 1303 327 1394 Quondam
341 1305 409 1374 hoc
423 1304 589 1400 indigenae
602 1303 761 1376 vivebant
776 1329 886 1395 mqre,
905 1307 1101 1403 priusquam

143 1415 299 1483 Sumeret
312 1428 472 1509 agrestem
487 1415 595 1510 posito
609 1412 794 1487 diademate
807 1412 926 1490 ¹sulcem

144 1525 312 1594 Saturnus
328 1523 475 1619 lirgiurs3
494 1539 594 1612 tunc,
611 1549 716 1618 quum
731 1523 931 1616 virguncula
943 1528 962 1600 J
965 1551 1049 1612 uno,
1183 1553 1216 1610 40

144 1637 190 1704 Et
207 1636 358 1729 privatus
373 1635 485 1706 adhuc
501 1634 598 1707 ldoeis
613 1634 745 1729 Jupiter
763 1633 877 1706 antris.

144 1739 249 1813 Nulla
265 1769 368 1838 super
380 1744 486 1814 nubes
502 1743 656 1815 convivia
669 1739 921 1831 celicolarum,

145 1855 220 1926 Nec
234 1879 320 1949 puer
332 1853 468 1940 Iliacus,
485 1853 631 1925 formosa
646 1877 708 1924 nec
722 1852 876 1926 Herculis
892 1879 977 1926 uxor

147 1965 200 2034 ad
216 1967 371 2060 cyathos,
388 1979 423 2034 et
436 1965 506 2058 jam
524 1965 648 2038 siccato
666 1980 800 2041 nectare
817 1981 951 2063 tergens
1300 2031 1305 2052 ,

146 2075 289 2146 Brachia
302 2073 474 2144 Vulcanus
489 2076 641 2169 Liparaea
659 2077 757 2171 nigra
773 2077 921 2148 taberna.
1184 2093 1216 2153 tt

147 2186 336 2257 Prandebat
352 2186 414 2255 sibi
433 2184 574 2280 quisque
589 2184 699 2272 Deus;
717 2209 782 2257 nec
798 2187 896 2260 turba
912 2187 1060 2260 Deorum
1321 2215 1323 2218 ·

144 2295 252 2382 Talis,
269 2311 309 2364 ut
323 2309 372 2364 est
385 2293 499 2382 hodie,
515 2309 739 2387 contentaque
753 2294 862 2363 sidera
874 2295 989 2390 paucis

148 2516 250 2565 tamen
269 2503 408 2582 Superum
426 2499 637 2574 hominumque
656 2498 744 2562 fidem
764 2499 955 2574 imploramus
978 2499 1103 2563 clamore
1123 2512 1219 2580 tento,

148 2607 290 2676 quantum
304 2593 391 2652 edere
404 2593 499 2650 solent
512 2591 627 2652 venales
643 2592 665 2648 1²
667 2590 756 2650 aesidii
775 2591 907 2664 clientes,
927 2611 1017 2668 quum
1031 2593 1074 2652 illi
1087 2596 1175 2656 rerba
1189 2599 1220 2663 ia

145 2691 216 2756 toro
231 2685 348 2744 facienti
365 2685 552 2765 applaudunt.
570 2685 689 2762 Ignoras
706 2683 827 2754 scilicet,
846 2684 957 2745 oboue
969 2704 1068 2758 sena,
1090 2699 1119 2744 et
1132 2688 1220 2766 digne

148 2783 197 2842 cui
216 2780 462 2858 appenderentur
482 2775 593 2852 pueris,
613 2775 722 2834 ecollo
737 2776 833 2844 hulla,
856 2776 987 2852 ignoras,
1003 2777 1133 2852 inquam,
1150 2801 1220 2856 quae

147 2876 240 2937 aliaue
258 2870 381 2950 pecunia
399 2869 548 2928 illecebras
568 2868 684 2937 habeat,
706 2878 735 2924 et
752 2886 812 2944 qno
830 2868 889 2928 risu
911 2868 1121 2944 simplicitatem
1142 2883 1221 2936 turm

148 2967 281 3026 homines
292 2973 520 3041 prosequantur,
543 2979 633 3035 quum
648 2979 663 3015 a
680 2960 817 3035 quopiam
831 2962 972 3036 postulas,
992 2982 1029 3020 ne
1042 2963 1143 3028 salsum
1154 2965 1220 3040 jus.

145 3059 306 3138 jurandum
324 3057 418 3124 dicat,
439 3067 468 3113 et
485 3054 577 3112 inesse
591 3051 689 3111 eredat
707 3051 831 3127 aliquam
844 3053 903 3110 vim
920 3053 1047 3114 divinam
1061 3058 1174 3133 templis
1191 3071 1222 3117 et

150 3153 288 3212 alannus
298 3148 481 3208 rictiruarum
491 3145 628 3224 unguine
641 3143 761 3206 infectis.
773 3146 840 3202 Haec
851 3164 918 3204 sane
930 3146 1072 3222 probitas,
1085 3150 1116 3214 hi
1125 3171 1220 3214 mores

154 3242 345 3306 maturitati
360 3240 437 3316 apud
447 3240 557 3315 primos
567 3239 654 3299 ltaliae
669 3238 793 3306 incolas,
807 3249 960 3314 autequam
972 3241 1112 3306 Saturnus
1128 3262 1219 3322 regno

151 3337 265 3412 palm,
291 3346 322 3393 et
342 3337 446 3392 loram
467 3333 599 3409 fugiens,
622 3350 677 3405 pro
697 3342 812 3406 sceptro
835 3331 936 3392 falcem
959 3335 1125 3396 messoriam
1146 3338 1221 3396 acci.

151 3440 248 3506 peren
263 3447 355 3504 quum
371 3426 467 3502 puella
480 3426 573 3496 Jun03
585 3443 675 3499 quum
693 3424 816 3500 Jupiter,
832 3425 964 3486 nondum
983 3446 1079 3486 rerum
1095 3429 1220 3504 potitus,

150 3522 292 3598 privatam
316 3518 347 3576 iu
369 3517 464 3592 aliqua
487 3516 595 3576 montis
617 3516 676 3574 ldae
698 3518 831 3592 spelunca
854 3518 944 3576 vitam
966 3519 1102 3594 degeret3
1128 3537 1220 3596 quum

150 3615 244 3672 nullas
260 3614 291 3673 iu
316 3611 386 3670 caelo
410 3629 577 3670 communes
597 3609 765 3670 solemniter
783 3614 881 3686 epulas
901 3611 1007 3686 Superi
1025 3613 1219 3686 celebrarent,

151 3707 275 3770 necdum
301 3702 501 3780 Ganymedes,
526 3701 602 3759 lilius
623 3702 727 3774 Trois,
748 3713 798 3760 aut
819 3704 917 3773 Hebe,
943 3702 1069 3762 formosa
1089 3705 1221 3766 Herculis

107 3811 110 3822 '
151 3819 244 3870 uxor,
264 3799 416 3856 miscerent
430 3796 487 3854 illis
506 3796 626 3872 pocula3
644 3815 698 3854 nec
714 3814 730 3854 e
746 3795 837 3855 furris
853 3795 1044 3872 Lipararum
1062 3795 1222 3862 insularum

150 3893 243 3950 antris
256 3909 425 3969 progressus
438 3890 583 3949 Vulcanus
598 3887 636 3946 ad
653 3888 775 3947 celestes
789 3887 850 3946 illas
866 3887 981 3962 epulas,
998 3889 1091 3946 multo
1106 3901 1221 3956 occure

151 3985 273 4054 hausto,
300 3983 382 4042 labra
406 3981 553 4042 humentia
575 3979 699 4040 brachiis
720 3979 811 4056 nigris
834 3979 1042 4056 abstergeret:
1065 3983 1221 4058 unusquis·

152 4097 211 4153 que
232 4079 355 4139 deorum
378 4076 459 4135 domi
480 4093 537 4135 suae
555 4073 690 4149 privatim
708 4073 837 4130 coenabat
851 4093 859 4129 ε
874 4091 935 4130 uon
956 4084 1012 4132 tona
1034 4093 1220 4134 numerosum
1241 4137 1243 4142 ,

152 4181 219 4228 erat
231 4169 424 4236 celicolarum
457 4167 502 4230 uri
520 4165 610 4228 ruodo
627 4176 680 4238 est,
703 4182 820 4244 agmen,
838 4175 866 4224 et
882 4165 961 4226 orbis
978 4164 1106 4224 sidereus
1123 4166 1221 4243 paucis

1037 4257 1087 4334 ιβ.
