3036 4984
320 472 321 475 ¹
404 436 582 502 sartan
605 438 878 506 UNDECIMA.
1129 436 1189 503 153

117 544 181 615 Hic
193 545 256 615 tibi
271 546 351 616 vina
365 547 472 634 dabit,
491 551 617 622 diflusa
633 553 667 620 in
684 555 854 624 montibus
869 552 949 639 illis,

113 657 282 749 aquibus
297 667 368 752 ipse
382 661 493 747 venit,
512 687 658 756 quorum
673 665 735 734 sub
751 666 878 735 vertice
894 663 989 750 lusit;
1140 680 1191 732 160

112 767 273 862 Namque
291 794 359 837 una
376 786 477 866 atque
492 773 607 842 eadem
626 789 676 842 est
692 775 761 842 vini
785 775 893 870 patria
911 790 1013 868 atque
1032 773 1190 844 ministri.

159 879 320 948 Forsitan
336 897 523 976 exspectes,
540 898 580 952 ut
595 884 763 952 Gaditana
780 909 906 954 canoro

112 986 259 1080 Incipiat
275 990 409 1083 prurire
425 991 547 1078 choro,
564 991 749 1088 plausuque
764 995 915 1088 probatae

111 1095 164 1164 Ad
181 1111 309 1166 terram
325 1099 470 1169 tremulo
483 1101 692 1172 descendant
705 1104 806 1174 clune
824 1102 966 1200 puellae,

112 1209 372 1279 Irritamenturn
389 1213 533 1282 Veneris
549 1212 755 1308 languentis,
773 1229 806 1284 et
821 1240 913 1288 acres
1146 1224 1193 1278 ¹⁶⁵

113 1309 239 1390 Diuitis
258 1323 398 1392 urticae:
415 1324 525 1416 major
536 1338 651 1394 tamen
666 1327 727 1394 ista
741 1325 897 1419 voluptas

112 1430 264 1502 Alterius
278 1459 392 1520 sexus3
406 1434 513 1528 magis
528 1432 583 1505 ille
597 1435 801 1521 extenditur,
817 1450 852 1505 et
867 1461 946 1506 mox

111 1543 263 1612 Auribus
276 1558 380 1637 atquc
393 1543 500 1614 oculis
515 1560 678 1638 concepta
693 1545 793 1614 urina
807 1560 973 1616 movetur.

111 1653 193 1722 Non
210 1654 304 1748 capit
319 1653 380 1722 has
395 1677 500 1748 nugas
518 1652 656 1725 humilis
671 1653 803 1728 domus.
818 1656 943 1725 Audiat
958 1654 1012 1726 illc

111 1765 290 1833 Testamm
306 1764 453 1857 crepitus
469 1789 546 1834 cum
561 1764 690 1852 verbis,
707 1766 838 1835 nudum
853 1764 944 1836 olido
960 1781 1050 1836 stans
1145 1797 1195 1850 ¹7⁰

111 1875 258 1944 Forniea
273 1874 481 1969 mancipium
500 1873 622 1967 quibus
637 1875 800 1964 abstinet;
818 1874 873 1945 ille
886 1874 1021 1948 fruatur

118 2093 184 2182 Qui
198 2094 499 2166 lacedaemonium
516 2095 694 2189 pytismate
710 2095 854 2166 lubricat
869 2097 1011 2165 orbem:

115 2205 275 2299 Namque
292 2205 339 2275 ibi
353 2208 512 2275 Fortunae
528 2205 660 2273 veniam
678 2205 806 2276 damus.
823 2205 906 2276 Alea
921 2208 1045 2301 turpis,

111 2416 171 2473 olei
187 2419 308 2476 iaculo
324 2417 462 2496 contegit.
478 2419 535 2476 Hic
549 2418 650 2476 vinum
666 2419 720 2477 tibi
737 2420 885 2492 miscebit,
905 2421 1011 2478 lectnru
1028 2419 1058 2476 in
1074 2418 1128 2489 iis,
1146 2419 1199 2476 ubi

110 2521 158 2567 est
167 2511 309 2568 educatus
323 2511 400 2586 ipse,
415 2512 558 2582 collibus,
574 2512 605 2568 in
621 2512 727 2586 quibus
740 2525 824 2571 autea
837 2513 897 2589 ipse
910 2515 1049 2589 puerulus
1063 2511 1196 2584 ludebat3

110 2623 213 2680 neque
226 2605 281 2661 alia
295 2604 357 2662 nini
372 2624 404 2660 ac
415 2605 605 2663 ministrantis
620 2606 710 2675 illud,
723 2606 814 2682 patria
829 2617 880 2664 est.

154 2697 224 2755 16².
248 2697 319 2756 Noli
332 2717 422 2774 porro
432 2711 599 2773 exspectare
610 2700 680 2756 dum
695 2701 790 2776 aliqua
802 2701 897 2774 puella
908 2701 1062 2775 petulans,
1080 2717 1096 2754 e
1110 2696 1200 2754 Gadi-

112 2789 167 2848 bus
179 2791 323 2862 advecta,
337 2791 367 2848 iu
377 2792 476 2848 medio
488 2794 652 2850 saltantium
667 2791 890 2866 canentiumque
904 2803 980 2850 coetu
995 2790 1115 2864 incipiat
1126 2809 1200 2864 pru-

113 2883 203 2939 titum
230 2882 363 2939 libidinis
387 2883 517 2954 imitari,
542 2895 571 2942 et
594 2885 741 2960 plausibus
763 2886 930 2960 approbata
955 2882 1064 2940 crebris
1090 2893 1199 2938 caetera

113 2975 219 3050 puellae
239 2974 357 3030 lumbos
377 2986 516 3049 nctesque
531 2977 635 3034 lascive
657 2989 751 3035 motas
766 2977 804 3033 ad
823 2987 929 3034 terram
947 2975 1118 3033 demittant:
1139 2974 1200 3029 baec

114 3069 215 3122 omnia
232 3066 390 3142 languidos
404 3067 528 3124 divitum
549 3069 660 3126 animos
679 3069 715 3125 ad
733 3088 868 3127 venerem
884 3069 1020 3139 irritant,
1043 3078 1072 3124 et
1087 3066 1201 3124 acribus

116 3161 258 3231 stimulis,
277 3171 416 3234 tanquam
432 3161 535 3218 urticis
552 3158 756 3230 interioribus,
780 3173 914 3238 pungrmt
929 3172 1017 3235 etque
1031 3159 1201 3217 incendunt:

117 3253 225 3309 'famen
236 3256 373 3329 voluptas
387 3273 422 3309 ex
439 3254 496 3310 isto
509 3256 673 3329 spectaculo
688 3266 828 3330 concepta
843 3258 932 3331 longe
947 3254 1041 3328 major
1057 3265 1097 3310 est
1113 3254 1143 3310 iu
1159 3254 1202 3308 al-

118 3356 185 3402 tero
198 3366 285 3414 sexu,
298 3346 349 3420 qui
360 3347 451 3422 magis
463 3347 595 3422 erigitur,
610 3347 816 3414 inflammatur,
830 3359 860 3404 et
874 3348 971 3406 statim
983 3367 1015 3403 ac
1031 3366 1113 3404 aures
1128 3365 1199 3402 can-

116 3439 230 3511 tilenis,
254 3441 356 3496 oculos
376 3441 576 3498 saltationibus
598 3441 725 3498 intentos
748 3439 886 3508 dederit,
912 3441 1063 3496 ardentem
1084 3438 1197 3494 urinam

115 3545 376 3609 erumpentemque
393 3552 453 3590 non
470 3534 584 3592 retinet.
607 3535 658 3591 Hae
677 3533 845 3592 deliciarum
865 3534 964 3590 inanes
984 3533 1127 3588 illecebra
1144 3533 1201 3588 bu-

114 3627 197 3694 mili,
208 3627 303 3702 qualis
313 3638 412 3684 nostra
424 3638 481 3692 est,
493 3626 594 3684 domui
605 3646 666 3684 non
680 3627 858 3684 conveniunt
871 3648 878 3682 ι
891 3626 940 3682 ille
953 3623 1050 3682 audiit
1064 3633 1202 3680 testarum

115 3719 198 3776 inter
211 3738 242 3776 se
253 3719 418 3776 collisarum
436 3719 562 3794 crepitus
575 3717 627 3796 (les
641 3719 864 3794 castagnettes);
878 3717 975 3774 audiat
988 3735 1106 3792 spurcas
1117 3735 1203 3774 voces

1 3855 2 3858 ,
117 3812 229 3888 quibus
238 3813 353 3868 utinen
367 3832 434 3870 ausa
447 3813 535 3869 luerit
546 3831 627 3868 serva
644 3823 807 3869 scortorum
820 3811 851 3867 in
865 3809 966 3868 foetido
978 3809 1124 3884 lupanaris
1138 3809 1202 3866 lor-

115 3909 186 3964 nice
198 3906 276 3962 nuda
289 3918 438 3980 proetaus3
452 3907 503 3964 ille
514 3907 628 3963 fruatur
643 3906 784 3963 obsooenis
796 3904 979 3963 sermonibus
988 3944 996 3973 ,
1006 3912 1036 3960 et
1044 3921 1124 3958 suam
1134 3901 1202 3957 libi-

115 3999 219 4057 dinem
234 3999 331 4056 modis
345 3999 514 4074 artibusque
529 3999 665 4056 omnibus
679 3998 792 4068 irritet,
815 3997 866 4072 qui
882 3996 1040 4071 superbum
1054 3993 1203 4071 pavimen·

116 4102 184 4149 tum
205 4091 416 4149 Lacedaemonii
437 4093 591 4150 marmoris
612 4090 734 4148 orbibus
759 4101 881 4148 stratum
902 4089 1054 4166 pytismate
1077 4086 1202 4162 repetito

115 4184 246 4260 aspergit
261 4195 291 4242 et
304 4185 450 4243 lubricat:
464 4205 530 4242 nam
545 4185 589 4241 illi
602 4183 794 4262 ignoscimus,
809 4183 891 4261 quasi
906 4193 1008 4240 cuncta
1023 4199 1077 4255 per
1088 4177 1203 4234 divitias
