3036 4984
321 387 382 454 152
590 387 632 450 D.
662 384 801 449 Junll
829 383 1117 450 JUVENALIS

317 504 425 574 Novit
438 501 509 570 avis
523 516 639 570 noster
654 497 843 571 tirunculus
859 522 898 567 ac
915 498 1007 567 rudis
1023 500 1116 568 omni

318 615 506 706 Tempore,
527 626 560 679 et
574 612 702 706 exiguae
718 608 834 678 frustis
849 607 997 676 imbutus
1010 607 1129 678 ofellae.

320 723 471 793 Plebeios
488 721 606 791 calices
622 736 656 789 et
672 721 786 814 paucis
804 719 931 788 assibus
948 734 1056 788 emtos

319 833 478 928 Porriget
492 831 638 901 incultus
654 856 751 925 puer,
765 845 866 923 atque
880 854 900 897 a
916 828 1045 924 frigore
1061 841 1172 896 tutus:

239 999 242 1004 .
318 946 400 1013 Non
417 943 531 1035 Phryx
545 957 603 1012 aut
616 943 756 1036 Lycius,
773 963 843 1008 non
857 963 876 1006 a
891 962 1058 1032 mangone
1074 937 1199 1032 petitus

319 1052 507 1146 Quisquam
521 1054 587 1120 erit
601 1066 636 1119 et
650 1075 792 1144 magno:
810 1073 914 1142 quum
931 1072 1065 1142 posces,
1083 1071 1185 1142 posce
1200 1043 1330 1114 Latine.

275 1165 279 1174 '
319 1162 417 1231 Idem
432 1163 564 1231 habitus
580 1162 728 1245 cunctis,
747 1161 836 1230 tonsi
851 1159 1004 1254 rectique
1019 1157 1151 1254 capilli,

320 1274 432 1366 Atque
446 1273 547 1342 hodie
562 1286 693 1340 tantum
710 1285 852 1364 propter
866 1269 1021 1339 convivia
1037 1271 1122 1364 pexi.
1315 1260 1318 1265 ’
1347 1273 1398 1326 ¹⁵·

322 1387 469 1454 Pastoris
481 1385 557 1454 duri
571 1383 628 1453 hic
640 1398 689 1452 est
703 1381 808 1467 filius,
827 1379 881 1450 ille
898 1379 1049 1450 bubulci.

312 1495 476 1589 Suspirat
490 1493 592 1588 longo
607 1518 677 1561 non
693 1493 798 1560 visam
814 1505 969 1585 tempore
987 1506 1146 1575 matrem,

322 1607 368 1674 Et
381 1602 543 1688 casulam,
563 1619 597 1672 et
611 1619 710 1672 notos
727 1603 830 1672 tristis
846 1601 1013 1671 desiderat
1027 1600 1143 1671 hedos

323 1715 470 1808 Ingenui
483 1713 596 1784 vultus
608 1737 706 1807 puer,
721 1713 930 1805 ingenuique
944 1712 1102 1806 pudoris,

324 1821 450 1910 Quales
463 1847 533 1890 esse
548 1822 664 1904 decet,
681 1845 767 1913 quos
783 1819 905 1888 ardens
919 1845 1072 1915 purpura
1088 1821 1206 1906 vestit3
1349 1831 1400 1884 155

324 1934 401 2002 Nec
415 1928 597 2025 pugillares
610 1927 721 1997 defert
738 1929 773 1995 in
792 1928 911 1996 balnea
927 1953 1048 1998 raucus

324 2038 526 2124 Testiculos‚
546 2062 610 2106 neo
623 2035 792 2109 vellendas
803 2036 873 2130 jam
889 2038 1033 2130 praebuit
1049 2036 1132 2123 alas,

326 2153 446 2220 Crassa
459 2173 524 2217 nec
539 2148 695 2241 opposito
711 2147 852 2252 pavidus
868 2147 951 2240 tegit
965 2148 1105 2244 inguina
1120 2163 1228 2244 gutto.

326 2379 395 2444 tyro
409 2377 438 2424 et
450 2367 545 2439 rudis,
560 2384 620 2424 non
636 2368 721 2426 callet
736 2368 983 2445 quemadmodum
998 2381 1064 2445 apte
1079 2380 1108 2426 et
1121 2370 1259 2427 decenter
1268 2376 1406 2442 oporteat

327 2460 454 2518 eximere
471 2471 582 2534 partem
601 2460 727 2536 aliquam
749 2479 858 2536 capreae
878 2472 975 2529 toste,
997 2473 1047 2518 aut
1068 2464 1143 2518 alam
1162 2461 1274 2540 gallina
1296 2457 1404 2516 Numi-

327 2551 412 2620 dicae,
434 2552 542 2628 quippe
561 2553 779 2632 qui-nunquam
798 2554 853 2616 iata
871 2554 1024 2626 didicerit,
1045 2573 1140 2630 neque
1158 2555 1229 2611 artis
1248 2553 1331 2609 istius
1350 2571 1407 2608 co·

328 2642 467 2718 quinaria
485 2642 662 2728 tyrocinium
682 2643 896 2715 admiscuerit,
921 2665 1008 2720 quam
1030 2647 1062 2702 in
1083 2646 1212 2706 frustulis
1230 2643 1406 2720 quibusdam

328 2735 423 2798 caruis
438 2747 519 2792 sectae
534 2735 680 2792 torrendis
693 2755 726 2794 ac
739 2754 824 2810 parce
837 2737 1012 2796 dividendis.
1025 2738 1203 2800 Ministrabit
1216 2737 1301 2794 nobis
1316 2735 1408 2793 rusti-

328 2847 416 2886 canus
437 2847 511 2902 puer
536 2838 565 2886 et
585 2827 751 2902 incomptus
758 2843 771 2898 ¹,
795 2829 934 2905 dabitque
952 2833 1072 2907 cyathos
1091 2831 1156 2888 vilis
1173 2829 1275 2904 pretii,
1298 2827 1406 2902 quibus

328 2921 373 2988 uti
385 2921 468 2996 plebs
482 2921 571 2989 solet,
581 2919 641 2994 ipse
655 2939 746 2976 crassa
761 2932 853 2978 tectus
865 2934 959 2990 veste,
971 2933 1111 2996 quantum
1125 2924 1162 2980 ad
1176 2920 1334 2978 arcendum
1349 2918 1406 2974 frt-

328 3034 383 3091 gus
401 3013 523 3072 sufficiat
536 3033 543 3069 ε
555 3013 668 3070 nullum
689 3032 705 3071 e
723 3015 852 3092 Phrygia
872 3015 984 3072 uidebis
1002 3015 1139 3091 petitum,
1160 3025 1210 3070 aut
1233 3012 1339 3088 Lycia,
1358 3010 1406 3066 vel

328 3125 437 3181 magno
449 3105 546 3178 pretio
560 3118 688 3180 emptum
701 3126 719 3170 a
731 3108 943 3183 mancipiorum
955 3106 1127 3164 venditore:
1144 3106 1168 3163 si
1184 3104 1256 3180 quid
1268 3105 1305 3159 ab
1324 3103 1406 3176 ipso,

329 3218 421 3274 quum
432 3198 624 3268 ministrabit,
640 3201 816 3274 postulabis,
830 3202 874 3257 fac
884 3201 1012 3275 loquaris
1021 3201 1122 3268 latine,
1138 3218 1233 3275 neque
1249 3198 1327 3255 enim
1337 3196 1407 3266 scit,

328 3300 363 3348 nt
374 3289 517 3352 nubilium
532 3290 621 3360 servi,
635 3309 726 3366 graece
739 3292 843 3351 dicere.
858 3295 960 3366 Neque
973 3293 1035 3350 aliis
1048 3292 1120 3350 meis
1129 3290 1278 3365 mancipiis
1292 3290 1409 3360 elegan-

330 3384 388 3448 tius
398 3383 454 3439 erit
467 3383 600 3448 vestium,
616 3383 751 3442 omnibus
763 3386 860 3442 eadem
874 3387 982 3461 quippe
995 3386 1082 3446 vestis
1097 3395 1139 3442 est
1150 3406 1157 3441 ε
1170 3384 1301 3442 omnium
1316 3401 1409 3438 eomae

331 3487 450 3544 attonsae
460 3485 528 3534 suut
539 3485 569 3530 et
583 3487 687 3545 rectae,
705 3476 767 3533 sine
781 3477 921 3536 cincinnis
933 3489 961 3534 et
973 3489 1096 3546 omatu3
1112 3495 1216 3551 easque
1228 3485 1340 3532 tantum
1352 3473 1409 3530 ho·

331 3569 395 3638 die,
410 3581 564 3642 propterea
574 3569 655 3640 quod
668 3569 761 3626 habeo
778 3580 806 3625 te
818 3571 987 3638 convivam,
1002 3581 1127 3645 pectem.
1144 3569 1199 3628 Hic
1210 3579 1329 3643 pastore
1341 3583 1410 3622 meo

331 3661 445 3736 genitus
458 3672 516 3728 est,
532 3661 582 3718 ille
598 3661 742 3730 bubulco,
754 3660 867 3717 liberali
878 3681 952 3736 puer
967 3663 1052 3722 vultu
1065 3673 1093 3720 et
1107 3661 1249 3737 pudorem
1262 3659 1410 3733 spirante,

331 3752 410 3828 quali
421 3753 557 3810 convenit
568 3772 617 3809 eos
626 3772 686 3810 esse
696 3753 748 3826 qui
760 3764 858 3830 togam
869 3767 1035 3828 praetextam
1044 3797 1052 3823 ,
1061 3765 1090 3812 et
1098 3754 1191 3817 limbo
1203 3769 1353 3827 purpureo
1365 3750 1410 3806 in-

331 3842 466 3918 signitam
478 3854 603 3922 gestant,
623 3856 726 3901 moeret
744 3846 824 3919 quod
840 3865 856 3902 u
873 3866 927 3903 suo
941 3848 1076 3924 tugurio,
1092 3868 1107 3902 a
1127 3857 1218 3902 matre
1233 3843 1346 3917 jamdiu
1361 3862 1411 3900 re-

332 3937 415 4004 licta,
436 3938 472 3992 ab
492 3936 584 3996 hoedis
603 3936 695 4006 uotis,
713 3938 843 3996 divulsus
860 3939 911 4010 sit,
932 3959 1039 4014 eosque
1057 3937 1182 3998 revisere
1194 3936 1289 4012 cupit!
1308 3953 1361 3992 nec
1377 3934 1408 3989 iu

332 4031 434 4090 balnea
451 4050 516 4092 cum
535 4049 607 4090 voce
627 4050 712 4090 rauca
730 4033 912 4108 pregrandes
930 4031 1023 4089 desert
1041 4030 1204 4101 testiculos,
1225 4048 1278 4086 uec
1297 4029 1408 4084 alarum

334 4123 409 4210 pilos
420 4121 480 4196 jam
491 4122 642 4191 vellendos
655 4124 793 4198 prebuit.
806 4144 859 4182 nec
870 4125 992 4201 pavidus
1007 4126 1135 4201 amplum
1147 4124 1257 4212 inguen¹
1272 4121 1411 4199 opposito
