2992 4984
330 431 414 498 316·
601 432 641 494 D.
665 430 802 494 JUNll
825 428 1109 494 JUVENALIS
1157 511 1162 518 ι

328 547 408 616 Non
426 546 537 639 potuit
553 569 685 616 servare
699 570 773 615 suas
787 571 795 613 ε
811 569 893 639 ergo
906 544 1018 612 omnia
1031 545 1057 610 F
1058 540 1155 628 lorae,

327 656 372 723 Et
387 654 518 724 Cereris
532 652 628 740 licet,
645 669 679 724 et
691 653 829 749 Cybeles
843 651 946 722 arilaea
960 649 1149 746 relinquas:

328 761 436 831 Tanto
455 763 597 856 majores
614 764 761 833 humana
777 763 914 858 negotia
932 758 1017 831 ludi!

374 875 429 941 An
445 873 549 967 magis
564 873 735 943 oblectant
750 874 900 942 animum
917 873 1042 965 jactata
1058 887 1199 966 petauro
1346 891 1394 939 sos

326 985 496 1078 Corpora,
512 984 637 1078 quippe
656 982 742 1054 solet
754 997 885 1052 rectum
899 980 1102 1051 descendere
1118 981 1253 1066 funem,

325 1091 438 1178 Quam
458 1105 512 1178 tu,
532 1092 676 1186 Corycia
692 1115 827 1185 semper
844 1092 902 1184 qui
921 1115 1037 1186 puppe
1056 1093 1196 1160 moraris

327 1203 436 1296 Atque
450 1202 596 1286 habitas,
614 1208 706 1274 Coro
720 1225 853 1294 semper
867 1201 1036 1272 tollendus
1053 1218 1087 1272 et
1100 1206 1241 1289 Austro,

326 1309 483 1378 Perditus
498 1335 538 1378 ac
552 1309 626 1378 vilis
640 1310 727 1379 sacci
743 1325 909 1380 mercator
923 1309 1059 1398 olentis;

325 1419 397 1508 Qui
413 1419 538 1514 gaudes
555 1421 682 1514 pingue
698 1420 844 1513 antiquae
859 1420 900 1488 de
915 1418 1013 1490 litore
1029 1425 1140 1491 Cretae
1352 1452 1399 1502 270

327 1531 481 1616 Passum,
501 1545 536 1598 et
553 1530 743 1621 municipes
759 1530 777 1596 J
780 1529 853 1597 ovis
865 1528 1035 1598 advexisse
1051 1527 1208 1623 lagenas?

326 1639 392 1708 Hic
411 1654 520 1710 tamen
537 1638 677 1733 ancipiti
693 1638 801 1732 figens
814 1639 955 1734 vestigia
971 1635 1103 1732 planta,

326 1749 463 1822 Victum
478 1749 534 1819 illa
548 1749 704 1819 mercede
719 1763 831 1842 parat,
850 1749 1074 1840 brumamque
1088 1746 1277 1840 famemque

327 1856 389 1946 llla
407 1873 494 1928 reste
512 1873 625 1944 cavet;
643 1872 680 1928 tu
695 1871 835 1951 propter
848 1855 938 1928 mille
951 1855 1073 1925 talenta

327 1971 372 2038 Et
386 1983 522 2038 centum
538 1967 632 2038 villas
648 1969 849 2038 temerarius
866 1993 873 2035 ε
892 1967 1024 2060 adspice
1037 1979 1170 2059 portus,
1352 1985 1399 2048 ηε

327 2083 372 2150 Et
389 2079 526 2178 plenum
543 2080 674 2174 magnis
690 2079 843 2148 trabibus
858 2103 968 2165 mare3
987 2074 1063 2170 plus
1080 2076 1256 2146 bominum
1270 2079 1400 2170 estjam

330 2355 382 2429 qui
394 2355 432 2412 ab
443 2355 546 2412 iisdem
557 2356 719 2414 latronibus
729 2359 807 2434 galea
819 2373 936 2432 quoque
945 2371 994 2410 sua
1006 2351 1145 2428 spoliatus
1154 2363 1213 2423 est,
1227 2371 1258 2407 ac
1266 2370 1331 2406 suas
1339 2351 1401 2426 ipse

329 2465 374 2504 res
394 2446 488 2505 amisit
502 2471 510 2506 :
526 2449 550 2505 si
570 2449 647 2524 quis,
666 2449 797 2524 iuquam,
819 2467 958 2505 aemmuas
975 2465 1131 2503 avarorum
1146 2456 1272 2520 spectet,
1295 2463 1340 2500 uae
1355 2446 1403 2500 ille

329 2542 506 2617 voluptatem
521 2561 557 2599 ex
573 2561 608 2599 eo
619 2543 782 2618 spectaculo
797 2541 938 2617 percipiet
952 2540 1092 2614 majorem
1103 2539 1168 2608 illa,
1179 2557 1244 2613 que
1257 2537 1405 2613 colligitur

329 2651 346 2688 e
365 2633 549 2708 spectaculis,
567 2633 628 2690 sive
643 2633 779 2705 scenicis,
799 2633 860 2690 sive
876 2632 1067 2701 circensibus,
1086 2651 1103 2687 a
1118 2641 1245 2706 praetore
1259 2632 1310 2686 vel
1325 2630 1405 2686 ditis-

328 2723 401 2780 simo
414 2725 508 2781 editis.
527 2726 636 2784 Omnes
652 2745 722 2802 ergo
738 2727 824 2784 ludos
838 2726 1003 2801 relinquere
1018 2723 1128 2800 poteris
1144 2725 1255 2794 Florae,
1271 2722 1404 2792 Cereris,

329 2817 468 2892 Cybeles3
484 2829 565 2874 tanto
585 2820 717 2876 humanae
734 2819 953 2895 occupationes,
972 2817 1059 2874 ludus
1079 2828 1108 2873 et
1125 2815 1325 2892 spectaculum
1342 2827 1405 2872 suut

329 2909 447 2983 reliquis
458 2911 625 2984 spectaculis
635 2910 807 2986 jucundius!

368 3001 436 3060 265.
457 3007 495 3060 Et
509 3023 581 3061 vero
596 3024 633 3060 an
654 3006 803 3080 voluptate
821 3004 974 3080 liquidiori
991 3005 1141 3080 perfundit
1155 3004 1287 3060 animum
1310 3021 1405 3060 meum

327 3096 529 3170 funambulus,
543 3099 618 3174 agile
631 3118 736 3174 corpus
750 3118 804 3174 per
819 3111 973 3174 petaurum
988 3098 1199 3166 transmittens,
1219 3106 1270 3152 aut
1289 3096 1344 3171 qui
1357 3115 1406 3170 per

328 3188 426 3246 funem
434 3200 545 3246 rectum
556 3189 687 3260 devolat,
704 3211 791 3266 quam
805 3203 854 3262 tu,
865 3190 965 3257 infelix
979 3209 1074 3259 avare,
1084 3189 1136 3264 qui
1144 3199 1289 3264 perpetuo
1299 3187 1333 3243 in
1342 3187 1407 3243 uari

329 3281 476 3350 Cretensi,
493 3293 629 3356 tauquam
640 3284 672 3338 iu
686 3282 800 3340 addicta
811 3284 865 3340 tibi
877 3285 976 3352 domo,
993 3283 1127 3352 versaris,
1137 3283 1232 3342 ventis
1243 3291 1272 3338 et
1286 3281 1406 3338 naufra-

328 3371 383 3449 giis
398 3391 512 3448 semper
525 3373 670 3431 obnoxius
680 3374 933 3450 miserrimusque,
950 3386 983 3431 ut
993 3375 1132 3448 quasdam
1144 3373 1246 3430 odoris
1261 3371 1406 3448 gravioris

328 3482 467 3524 mercese
486 3464 600 3535 Sicilia,
619 3476 669 3522 aut
686 3485 702 3523 e
721 3468 806 3524 Creta
822 3469 968 3544 liquorem
986 3485 1021 3522 ex
1036 3466 1100 3522 uris
1117 3464 1154 3521 ad
1168 3464 1258 3521 solem
1273 3464 1407 3521 arefactis

327 3578 507 3634 expressum,
532 3570 561 3616 et
579 3559 681 3615 viuum
694 3558 727 3614 iu
741 3560 846 3617 eodem
866 3559 949 3635 quusi
965 3559 1126 3635 municipio
1149 3557 1209 3633 quo
1223 3557 1343 3632 Jupiter
1361 3577 1407 3612 ua·

327 3662 402 3721 tum,
419 3640 542 3709 Romam
559 3651 702 3708 devehasl
721 3653 774 3708 Ille
789 3661 886 3708 tamen
901 3651 1102 3722 funambulus,
1120 3650 1174 3726 qui
1187 3669 1241 3725 per
1255 3661 1405 3707 extensum

328 3745 427 3802 funem
443 3744 561 3820 ancipiti
576 3763 608 3800 ac
631 3743 746 3800 lubrico
760 3744 871 3800 incedit
889 3761 1005 3820 gressu,
1031 3745 1084 3798 hae
1101 3755 1163 3799 arte
1178 3743 1268 3798 vitam
1282 3744 1407 3810 tolerat;

328 3837 381 3893 liae
394 3836 486 3912 frigus
498 3847 527 3892 et
537 3837 640 3893 famem
656 3833 775 3910 depellit
787 3857 794 3891 ε
807 3846 840 3892 tu
851 3835 936 3891 tantis
946 3835 1083 3909 periculis
1095 3854 1127 3891 ac
1137 3833 1286 3890 laboribus
1298 3845 1407 3891 temere

329 3937 415 4002 caput
431 3927 548 4003 objicis,
562 3925 688 3984 ut¹mille
698 3946 847 4003 compares
860 3929 983 3999 talenta,
995 3938 1028 3984 ut
1038 3938 1155 3983 centum
1165 3926 1248 3982 villas
1262 3917 1406 3982 numeres.

330 4022 531 4095 Contemplarc
542 4033 663 4096 portus,
681 4032 709 4078 et
721 4021 859 4078 refertum
873 4020 1032 4093 majoribus
1046 4019 1168 4097 navigiis
1182 4037 1292 4094 aequor,
1309 4021 1405 4094 plnres

327 4115 387 4188 jam
402 4114 513 4170 videbis
529 4113 662 4170 homines
679 4113 709 4169 in
721 4114 810 4186 mari,
821 4133 908 4188 quam
922 4115 954 4170 iu
968 4114 1027 4188 ipsa
1044 4122 1131 4168 terra.
1150 4111 1339 4168 Conveniunt
1355 4128 1405 4164 uu-

330 4225 450 4264 merosae
461 4206 570 4275 classes,
582 4205 758 4280 ubicumque
766 4207 840 4262 lucri
849 4207 972 4264 faciendi
979 4225 1042 4282 spes
1053 4205 1177 4276 alluisit;
1188 4224 1282 4280 neque
1294 4215 1404 4260 tantum
