3074 4990
325 453 344 515 8
599 459 640 520 D.
668 457 808 521 JUNll
834 454 1114 523 JUVENALIS

323 580 505 668 loetabile,
520 608 559 652 ac
577 583 691 651 dirimi
708 599 875 677 coeptum,
894 600 929 653 et
941 587 1010 678 jam
1026 610 1119 680 paene
1134 584 1280 653 solutum

321 691 548 786 Conjugium,
568 694 602 760 in
618 694 731 762 multis
745 696 901 765 domibus
918 696 1064 764 servavit
1077 690 1223 763 adulter!

321 799 400 887 Quo
418 817 451 870 te
470 803 698 900 circumagas?
711 830 785 899 quae
802 808 912 900 prima
926 821 985 874 aut
998 805 1115 874 ultima
1130 802 1257 899 ponas?

322 913 464 982 Nullum
479 940 561 1010 ergo
575 918 731 1000 meritum
748 933 817 1000 est,
832 917 963 1010 ingrate
979 940 1017 984 ac
1031 914 1176 1008 perfide,
1191 911 1340 994 nullum,

322 1023 425 1110 Quod
439 1025 498 1093 tibi
513 1025 650 1112 filiolus,
666 1028 758 1122 quod
775 1026 843 1095 filia
861 1028 1009 1096 nascitur
1022 1049 1064 1095 ex
1079 1023 1150 1092 mel

323 1131 426 1202 Tollis
441 1135 550 1222 enim,
567 1152 600 1205 et
614 1136 705 1206 libris
719 1152 871 1206 actorum
887 1161 1044 1232 spargere
1061 1134 1186 1231 gaudes

323 1245 532 1337 Argumenta
547 1247 624 1314 viri.
642 1247 784 1316 Foribus
800 1246 968 1340 suspende
981 1271 1141 1330 coronas,
1355 1257 1389 1308 8⁵

322 1355 396 1420 Jam
411 1369 507 1445 pater
521 1379 575 1440 es;
592 1355 761 1441 dedimus,
780 1356 871 1449 quod
888 1354 985 1424 famae
1000 1378 1173 1449 opponere
1191 1352 1316 1445 possis:
1359 1445 1362 1454 ,

323 1466 342 1532 J
345 1489 405 1532 ura
419 1467 566 1559 parentis
581 1466 702 1552 habes3
719 1480 858 1560 propter
873 1491 927 1534 mc
943 1467 1099 1535 scriberis
1114 1465 1236 1552 haeres,

323 1575 488 1667 Legatum
503 1598 602 1644 omne
620 1575 727 1667 capis,
744 1599 806 1642 nec
823 1598 892 1642 non
908 1588 942 1642 et
960 1573 1057 1642 dulce
1072 1573 1246 1642 caducum.

324 1683 514 1754 Commoda
527 1698 690 1779 preterea
704 1685 894 1778 jungentur·
910 1683 1016 1752 multa
1030 1682 1181 1767 caducis,

325 1793 360 1860 Si
375 1817 571 1879 numerum,
586 1796 613 1863 si
627 1810 694 1863 tres
708 1794 903 1888 implevero.

736 1941 973 1988 Juvettsnts.

939 2043 1032 2108 Justa
1047 2037 1191 2124 doloris,
1358 2071 1393 2120 9⁰

326 2148 481 2236 Naevole,
497 2175 596 2219 causa
610 2150 660 2218 tui
674 2177 682 2219 ε
697 2165 815 2220 eontra
828 2165 941 2219 tamen
955 2149 1009 2218 ille
1022 2149 1104 2244 quid
1119 2148 1246 2218 affert?

754 2298 958 2344 unvonus

372 2395 539 2491 Negligit;
553 2411 653 2491 atque
667 2371 768 2466 alium
782 2393 936 2491 bipedem
952 2395 1013 2462 sibi
1028 2394 1147 2488 quaerit
1160 2392 1311 2464 asellum.

324 2607 393 2664 lecti
414 2609 555 2682 crepitum
572 2620 602 2665 et
619 2609 718 2665 uxoris
740 2617 796 2664 tuae
810 2607 960 2682 gannitum
976 2605 1094 2662 auribus
1113 2605 1274 2680 percepisti.
1293 2605 1395 2662 Multis

325 2699 357 2756 in
368 2700 502 2762 donibus
512 2701 679 2778 eonjugium
692 2699 841 2770 instabile,
851 2700 941 2756 immo
954 2699 1100 2774 quodiam
1110 2699 1140 2753 in
1150 2717 1186 2754 eo
1193 2710 1311 2770 erat,ut
1322 2699 1394 2755 diri-

324 2802 470 2860 meretur,
483 2793 661 2866 omninoque
672 2791 895 2861 dissolveretur,
911 2791 1036 2847 adulteri
1048 2789 1191 2848 beneficio
1206 2802 1350 2848 serentum
1365 2802 1398 2868 et

323 2882 525 2942 confirmatum
541 2895 591 2940 est.
614 2885 747 2953 Quonam
770 2893 798 2938 te
819 2881 934 2938 vertas?
950 2901 1013 2956 quae
1027 2901 1105 2938 nnnc
1121 2885 1168 2939 vel
1183 2883 1275 2958 prima
1290 2901 1394 2957 pones,

324 2977 372 3038 vel
387 2975 504 3038 ultima?
520 2975 663 3050 numquid
679 2994 766 3052 ergo,
781 2974 894 3050 ingrate
909 2992 941 3029 ac
958 2971 1084 3047 perfide,
1099 2971 1173 3031 nibil
1187 2974 1224 3030 de
1242 2984 1270 3029 te
1285 2974 1394 3042 merui,

325 3066 405 3142 quod
417 3087 482 3124 meo
496 3067 637 3124 beneficio
651 3067 742 3124 lilium
759 3077 789 3124 et
804 3066 891 3124 filiam
908 3085 943 3122 ex
956 3085 1050 3124 uxore
1064 3077 1113 3124 tua
1124 3067 1301 3142 susceperis?
1317 3067 1396 3128 tollis

326 3158 403 3214 enirn
417 3157 524 3214 liberos
539 3177 602 3232 qnae
618 3169 685 3214 sunt
704 3158 810 3214 indicia
826 3159 986 3230 virilitatis,
1004 3169 1034 3215 et
1046 3159 1106 3214 lraec
1125 3169 1292 3232 argumenta
1312 3159 1395 3215 libris

324 3261 453 3309 octonum
472 3251 656 3324 publicorum
673 3251 750 3309 inter
762 3251 833 3310 alios
852 3271 914 3308 non
933 3255 1021 3308 semel
1035 3253 1141 3328 gaudes
1157 3251 1322 3308 inscribere.
1343 3252 1396 3308 Eia

324 3363 391 3420 age,
402 3355 501 3418 portas
511 3345 613 3402 domus
628 3355 682 3400 tnae
695 3344 838 3418 suspensis
851 3344 966 3401 coronis
978 3363 1100 3413 exosum
1112 3344 1168 3417 jam
1179 3357 1261 3419 pater
1271 3364 1314 3414 es3
1326 3345 1395 3402 dedi

324 3433 395 3504 tibi,
415 3434 494 3492 unde
507 3435 626 3502 samem,
637 3435 683 3490 vel
695 3435 791 3508 potius
802 3433 948 3490 infamiam
961 3447 1039 3490 tuam
1053 3435 1204 3492 confutare
1217 3437 1326 3511 possis:
1341 3455 1395 3511 per

324 3545 371 3583 nse
384 3527 449 3600 jura
461 3528 551 3604 patris
564 3528 666 3596 babes;
680 3545 734 3600 per
743 3546 790 3583 me
804 3526 892 3582 scribi
902 3537 985 3601 potes
994 3527 1025 3583 in
1035 3527 1211 3585 testamentis
1223 3529 1330 3598 baeres5
1342 3547 1395 3602 per

324 3637 371 3681 me
383 3639 484 3693 capere
493 3621 578 3689 vales,
591 3619 794 3695 quodcumque
805 3618 859 3676 tibi
870 3619 995 3694 legatum
1003 3617 1102 3688 fuerit;
1111 3631 1198 3695 atque
1207 3620 1291 3676 etiam
1301 3618 1396 3675 dulcio

322 3721 353 3770 et
369 3710 526 3784 insperata,
543 3731 605 3785 qnae
620 3713 682 3769 sine
694 3731 741 3768 ure
756 3711 943 3786 perdidissem
960 3723 1098 3784 praeterea
1109 3712 1153 3768 bis
1166 3711 1280 3767 caslucis
1290 3711 1395 3786 junges

325 3802 415 3857 multa
436 3803 489 3858 alia
511 3804 679 3875 commoda,
702 3805 726 3860 si
746 3803 800 3868 tibi
816 3804 903 3861 trium
923 3803 1082 3860 liberorum
1101 3821 1254 3864 numerum
1273 3804 1393 3880 legalem

325 3893 494 3968 implevero.

365 4003 413 4059 90·
429 4003 492 4040 suv.
507 3987 534 4042 0
547 3987 678 4052 Naevole,
687 3985 753 4058 jure
763 3987 844 4046 doles
854 3999 884 4046 et
899 3988 1029 4063 quereris
1038 3987 1075 4044 de
1087 3998 1144 4042 tam
1155 4005 1243 4042 avaro
1254 3999 1394 4062 patrono:

324 4092 427 4132 verum
442 4075 513 4148 qnid
527 4075 575 4130 ille
592 4075 647 4131 tuis
664 4077 788 4150 querelis
801 4079 978 4153 respondet?

362 4185 411 4242 9²·
433 4185 506 4222 nnv.
528 4167 607 4224 Nihil
621 4187 666 4224 eas
678 4180 774 4240 curat,
792 4182 821 4226 et
831 4171 920 4228 alium
932 4172 1049 4229 asellum
1061 4170 1195 4266 bipedem
1209 4171 1263 4228 sibi
1275 4173 1393 4248 querit,
