3074 4990
363 451 406 528 84
520 448 689 515 VARIAE
712 450 1000 514 LEc'rloNEs
1023 452 1086 516 ΕΤ
1109 452 1259 518 NOTAE

359 575 480 634 potentes
494 563 582 634 potius
599 562 651 614 bac
663 580 741 633 poena
755 560 852 631 dignos
869 561 958 614 luisse.
972 562 1058 614 Furor
1075 563 1154 616 simul
1170 565 1244 634 vulgi
1255 563 1418 636 designatur,

360 645 407 716 qui
421 665 455 698 ns
470 645 513 698 hia
523 644 632 717 quidem
650 646 729 698 rebus
744 646 838 716 parcit.
850 675 885 688 -
897 645 994 698 Gallie.
1006 649 1051 713 qui
1058 651 1181 714 a'snpsas
1189 650 1262 701 mois.
1275 650 1327 701 En.

395 743 480 792 Asis.
492 743 524 792 61
540 757 594 810 seq.
606 740 706 792 Versus
718 739 930 810 prestantissimi
940 739 1119 810 aptissimique
1130 740 1165 793 ad
1173 741 1335 812 pingendam
1344 742 1420 812 vulgi

358 822 551 886 mobilitatem,
565 822 645 874 simul
665 836 692 875 et
711 823 825 874 fortunas
846 821 1067 888 inconstantiam,
1088 836 1167 895 atque
1188 825 1306 892 pericula
1323 825 1419 878 aulicis

359 905 539 970 imminentia3
555 906 621 960 seh.

390 1056 457 1102 Vsa.
476 1054 518 1102 lis.
535 1049 645 1100 stridone
654 1067 701 1115 pro
711 1049 813 1098 strident
822 1050 902 1114 recepi
914 1065 945 1096 ex
960 1064 998 1106 ro,
1015 1065 1059 1108 sa,
1078 1051 1122 1110 16,
1139 1067 1177 1112 ¹7·
1191 1066 1288 1114 19--21
1308 1067 1321 1098 a
1335 1067 1366 1097 ns.
1377 1067 1418 1114 pr.

357 1153 468 1199 22-27,
479 1135 593 1196 45—50,
607 1135 724 1198 54-89,
735 1141 853 1195 71-74,
867 1149 908 1194 77,
918 1142 942 1178 et
952 1133 1066 1180 xxvm
1075 1133 1153 1181 codd.
1162 1134 1236 1182 l’aris.
1247 1135 1317 1182 eous.
1330 1134 1419 1182 Helua.

353 1233 377 1270 et
390 1223 477 1284 Ileyns
486 1217 517 1264 ad
530 1217 600 1280 Virg.
611 1217 701 1281 Georg.
712 1217 757 1277 tv,
771 1219 837 1276 aba,
852 1211 918 1274 556,
930 1224 954 1262 et
967 1215 1059 1263 Enelsl.
1073 1219 1112 1274 II,
1127 1217 1192 1278 4183
1205 1218 1326 1279 1V,oa9;
1339 1218 1418 1276 v111,

357 1315 422 1362 ⁴2⁰3
435 1305 499 1362 x11,
511 1301 570 1363 691.

388 1399 458 1450 Nor.
477 1399 519 1448 6ι.
538 1399 595 1444 Iam
608 1394 794 1460 stn'clsntigses,
805 1391 903 1463 quibus
912 1408 989 1444 aeneo
999 1391 1089 1462 Sejani
1100 1405 1194 1446 statua
1205 1391 1416 1446 tundunturr-

356 1481 477 1542 caminis,
492 1475 655 1528 fornacibus.

388 1577 458 1628 Nor.
478 1576 519 1624 6ι.
539 1575 626 1634 Ardet,
638 1569 695 1640 igni
705 1570 1039 1622 constamine-Aderam
1051 1589 1067 1622 a
1075 1576 1168 1638 popolo
1182 1587 1206 1624 et
1217 1577 1303 1644 ingess
1315 1577 1417 1642 &aaa

352 1673 375 1710 et
392 1671 441 1708 toto
453 1658 508 1706 orbe
520 1655 651 1714 exundas,
666 1652 808 1722 praelectus
822 1653 960 1724 praetorio,
973 1667 1000 1706 et
1013 1653 1146 1708 secundus
1161 1672 1177 1708 a
1189 1656 1299 1709 Tiberio
1315 1660 1415 1729 Imper.

353 1767 365 1787 ι
375 1741 450 1810 cujus
462 1735 556 1789 statuis
573 1751 648 1786 sacra
665 1733 814 1796 iaciebant,
828 1752 960 1806 quemque
976 1735 1080 1788 Tiberii
1095 1737 1224 1808 collegam
1244 1739 1418 1810 appellabant

352 1844 407 1878 non
425 1823 452 1874 in
468 1821 622 1882 consulatu,
639 1817 685 1870 sed
704 1818 730 1870 in
746 1819 820 1872 orbis
833 1832 909 1871 terrm
926 1819 1052 1890 imperio,
1064 1845 1075 1866 ι
1086 1833 1116 1874 ut
1134 1835 1197 1874 utar
1212 1823 1299 1875 verbis
1316 1824 1418 1895 Xiphi-

352 1910 402 1964 lini
417 1908 445 1960 in
462 1904 589 1965 Tiberio,
600 1903 699 1974 quibus
711 1901 783 1956 conf.
797 1904 863 1956 Tac.
875 1905 942 1956 Anu.
953 1904 1003 1966 lv,
1015 1921 1028 1955 a
1041 1916 1107 1957 extr.
1117 1917 1145 1957 et
1156 1906 1229 1959 Suet.
1241 1906 1304 1958 Tib.
1314 1907 1356 1970 48,
1369 1907 1416 1962 65.

352 2021 387 2034 ..
397 1992 515 2057 Besaea'e
528 2001 577 2038 toto
591 1989 648 2037 orbe
663 1989 781 2052 inundo,
799 2005 831 2039 ex
847 1998 934 2040 statua
949 1987 1066 2038 hominis
1079 1999 1136 2041 toto
1151 1991 1217 2042 orbe
1232 1989 1352 2042 secundi.
1369 1993 1417 2044 Sic

353 2071 468 2127 Rutilius
487 2067 609 2124 Gsllicus
627 2067 768 2139 praelectus
786 2068 861 2132 urbi,
878 2068 1039 2122 Germanico
1057 2073 1174 2137 proxima
1194 2075 1279 2122 cervix
1293 2077 1415 2140 ponderis

349 2157 463 2208 immensi
474 2151 581 2212 (licitur,
599 2151 666 2204 Stat.
682 2151 746 2204 silv.
759 2153 786 2213 1,
799 2157 830 2215 l,
843 2155 868 2204 6.
879 2181 915 2192 -
925 2153 1028 2204 Veteris
1040 2153 1191 2226 interpretis
1207 2167 1271 2207 nota
1281 2167 1321 2208 est
1330 2173 1338 2206 :
1347 2157 1416 2210 «Se-

350 2243 430 2313 janus
448 2237 500 2290 suit
516 2237 628 2289 Tiberio
643 2253 728 2306 usqne
746 2232 814 2287 adeo
832 2253 910 2287 carus
923 2235 1039 2301 amicus,
1052 2249 1082 2288 ut
1096 2237 1165 2290 nihil
1178 2251 1246 2291 esset
1263 2237 1337 2309 quod
1356 2241 1382 2292 ei
1398 2259 1415 2292 a

351 2324 461 2378 'liberio
473 2321 576 2395 petenti
588 2331 746 2390 negantum
761 2339 845 2391 usque
858 2319 926 2372 adeo
939 2319 973 2374 de
984 2341 1016 2374 eo
1033 2323 1189 2394 cogitaverit
1201 2343 1303 2388 necem,
1319 2338 1350 2378 nt
1359 2324 1417 2378 dis-

350 2407 443 2480 positis
463 2403 657 2477 conjurationis
679 2403 758 2456 sociis
778 2403 867 2456 occiso
888 2404 999 2457 Tiberio
1022 2405 1079 2477 ipse
1098 2419 1227 2476 regnaret.
1248 2408 1338 2472 Quum
1360 2408 1415 2464 hoc

351 2488 517 2560 cognovisset
531 2488 666 2552 Tiberius,
679 2505 760 2558 super
770 2489 826 2559 ejus
838 2489 945 2541 nomine
955 2490 1096 2560 epistolam
1107 2488 1143 2543 ad
1155 2503 1275 2544 senatum
1287 2493 1374 2553 misit,
1387 2508 1417 2547 et

351 2575 389 2626 sic
404 2592 451 2645 per
467 2571 589 2625 consules
604 2569 745 2622 damnatus
763 2582 801 2622 est
814 2588 876 2622 cum
890 2572 962 2623 oanni
977 2575 1103 2643 progenie
1117 2593 1180 2638 sus,
1196 2594 1280 2647 usque
1295 2575 1363 2629 adeo
1382 2591 1416 2630 ut

351 2645 435 2709 liliam
449 2658 505 2726 eJ'us
520 2653 648 2723 virginem
661 2651 766 2722 juberet
782 2663 888 2704 senatus
901 2655 1052 2708 scamillos
1066 2657 1194 2727 stuprari,
1211 2671 1238 2709 et
1254 2657 1292 2711 sic
1310 2658 1414 2726 occidi,

351 2754 382 2794 ut
392 2742 452 2812 jure
463 2737 597 2792 videretur
607 2735 687 2788 fuisse
698 2735 807 2788 occisa·
816 2737 855 2788 De
865 2737 998 2808 supplicio
1006 2738 1089 2811 bajus
1098 2739 1209 2812 virginis
1218 2743 1297 2812 longa
1307 2755 1347 2795 est
1355 2741 1414 2796 dis-

351 2823 459 2876 sertatio
475 2817 634 2874 Cramaneri.
648 2833 710 2888 pag.
730 2816 782 2870 388
798 2835 852 2889 seq.
871 2819 923 2872 En.

384 2971 452 3015 Vas.
470 2969 512 3023 64.
520 2965 556 3014 CI.
565 2963 749 3012 Boissonadead
758 2965 892 3012 Herodiani
902 2961 995 3016 Partitt.
1004 2984 1030 3033 p.
1041 2969 1090 3032 ²9⁵
1097 2986 1102 3015 :
1110 2992 1122 3010 ι
1129 2969 1234 3018 Metelle
1240 2970 1302 3019 Cod.
1312 2969 1414 3021 Thoan.

349 3066 395 3114 pro
404 3049 501 3112 patellae
515 3048 596 3096 scribo
607 3047 726 3107 matella,
737 3049 822 3111 etipsa
832 3049 927 3096 Salisici
938 3066 1037 3098 manum
1049 3052 1179 3100 restimissa
1191 3053 1252 3099 milri
1263 3053 1375 3103 videor.-

384 3145 454 3196 Nor.
468 3147 511 3204 64.
529 3143 630 3200 Urceoli,
641 3145 734 3208 pelves,
743 3154 793 3193 etc.
803 3142 857 3193 boc
867 3153 919 3205 est,
931 3159 995 3194 vasa
1003 3143 1065 3195 vilia
1077 3145 1206 3216 cujusque
1216 3147 1327 3215 generis.
1339 3146 1412 3200 Plin.

350 3226 448 3294 Paneg.¹
462 3222 508 3286 52,
523 3221 650 3290 imagines
665 3222 811 3274 Domitiani
828 3221 895 3274 dicit
907 3236 1050 3276 -excoctss
1063 3225 1189 3290 flammis,
1203 3240 1233 3280 ut
1249 3246 1282 3280 ex
1295 3229 1344 3280 illo
1357 3241 1413 3282 ter·

348 3318 443 3360 rorent
451 3304 528 3358 minis
538 3303 647 3354 inusum
658 3303 796 3354 hominum
806 3321 837 3354 ac
844 3303 995 3373 voluptates
1005 3305 1113 3375 ignibus
1122 3321 1308 3362 mutarentur.·
1316 3312 1356 3362 De
1366 3311 1413 3364 iis·

350 3391 411 3444 dem
420 3387 503 3460 Xipb.
513 3385 540 3437 in
549 3386 638 3438 Nerva
646 3403 686 3454 pr.
692 3385 892 3450 συνιχωνιύθησαν
899 3384 941 3436 καὶ
949 3386 1053 3448 ἐξαύτῶν
1063 3391 1279 3464 μιγάλαχρήματα
1286 3394 1410 3466 συνελέγη.

382 3489 471 3540 ΑΜ.
488 3481 601 3536 65-88.
622 3479 750 3532 Praeclare
766 3479 904 3549 linguntur
917 3502 1042 3536 sennones
1059 3499 1082 3536 et
1096 3504 1187 3540 secreta
1203 3507 1323 3542 mrennum
1336 3497 1414 3562 vulgi

347 3569 438 3638 (infra
451 3585 490 3620 vs.
507 3565 568 3632 89),
582 3561 618 3615 ad
633 3563 758 3633 Sejanum
773 3579 804 3612 eo
822 3572 952 3633 tempore,
966 3584 1020 3636 quo
1033 3587 1105 3622 unco
1119 3568 1154 3622 ad
1166 3571 1251 3624 scalas
1265 3572 1412 3628 Gemonias

348 3649 513 3711 trahebatur,
524 3643 742 3715 conspiciendum
755 3644 991 3718 insultandumque
1007 3650 1126 3723 undique
1139 3657 1315 3716 accurrentis,
1330 3661 1412 3729 cujus

347 3745 374 3786 et
387 3731 478 3785 latitia
492 3742 517 3782 et
534 3729 674 3781 curiositas
693 3740 719 3780 et
738 3727 831 3780 levitas
845 3730 1010 3800 potissimum
1030 3749 1168 3809 metusque
1185 3741 1291 3812 tyranni
1303 3744 1411 3814 egregie

347 3816 531 3870 adumbratur.
548 3813 627 3864 Coos.
649 3813 729 3864 verba
745 3811 813 3863 livii
831 3813 934 3878 XXIV,
949 3819 1098 3872 25:21120
1115 3834 1209 3876 natura
1228 3825 1410 3880 multitudinis

347 3913 400 3966 est3
414 3912 460 3952 ant
472 3897 552 3950 servit
561 3896 705 3958 humiliter,
719 3908 765 3948 aut
777 3897 891 3967 superba
900 3896 1070 3954 dominatur:
1081 3905 1239 3970 libertatem,
1250 3927 1308 3980 quas
1319 3907 1410 3964 media

762 4045 989 4066 mmmmm

384 4163 392 4188 ¹
412 4159 486 4205 Vetus
502 4153 582 4204 Schol.
601 4149 745 4202 «Conllatnr
761 4165 850 4214 statos,
868 4167 894 4202 ut
904 4155 1006 4217 pecunia
1018 4155 1077 4203 inde
1088 4154 1155 4206 liat.-
1171 4160 1203 4206 At
1215 4161 1271 4210 risle
1282 4179 1317 4210 vs.
1329 4167 1371 4220 64.
