3074 4990
13 4229 15 4308 l

401 427 455 493 tu
478 423 711 492 srmnsu
734 423 931 492 nonan.
1164 429 1206 514 ³7

131 537 260 605 totidem
274 539 350 596 unde
360 542 388 594 h.
402 542 534 610 loc.sssrre
543 553 567 590 et
576 559 639 606 oere,
654 539 789 592 frumento
798 552 825 592 et
835 541 963 612 pecunia,
976 545 1090 607 custodit,
1104 555 1208 598 susten·

130 633 181 682 tat,
194 627 312 691 animas,
324 625 422 690 vitam,
435 637 466 678 ut
474 626 530 686 vt,
540 623 601 688 501,
612 636 639 677 et
652 624 716 688 XV,
728 629 771 689 94.
783 655 818 665 -
828 629 915 685 Forte,
927 625 1068 696 quodlibet
1079 627 1207 680 frumenti

129 724 214 776 genus
222 708 403 780 significatur.
414 709 527 782 Triplex
537 720 613 762 notat
625 709 695 763 Plin.
709 711 825 774 XVIII,
838 710 863 764 8.
873 711 1106 785 Triticum,¹piligo
1115 725 1141 766 et
1152 711 1206 765 iar:

127 788 182 842 boc
194 803 222 842 et
235 789 319 856 ador,
332 805 358 846 et
370 791 500 846 adoreum
513 804 640 845 vocatum
650 805 702 857 est,
718 805 744 844 et
757 790 945 854 durissimum,
960 798 986 847 et
1001 807 1094 848 contra
1103 795 1207 848 hiemes

129 871 331 941 firmissimum,
340 874 443 929 ibidem
453 875 621 948 perhibetur,
631 894 662 928 ac
671 875 774 948 primus
783 876 901 948 antiquis
910 877 990 931 inisse
999 879 1027 930 iu
1036 879 1114 932 Latio
1120 880 1206 933 cibus.

129 955 226 1028 Capite
240 977 306 1011 vero
317 958 480 1031 procedenti
492 958 625 1030 populum
636 977 777 1012 romanum
791 960 830 1012 ait
843 959 914 1012 farre
927 972 1031 1013 tautum
1044 980 1059 1014 e
1073 961 1206 1015 frumento

129 1041 258 1096 trecentis
270 1043 350 1094 annis
360 1061 447 1096 usum.
467 1043 556 1095 Farris
569 1041 650 1095 etiam
660 1061 723 1094 usas
735 1042 764 1094 in
775 1042 857 1094 sacris
869 1042 1084 1109 commendatur,
1096 1043 1209 1098 undeet

127 1124 208 1194 pium
219 1125 262 1178 iar
271 1125 430 1180 vocitatum.
448 1125 555 1179 illucet
567 1125 696 1178 samntio
706 1123 792 1190 dicta,
808 1125 972 1180 sacrificium
984 1127 1011 1180 iu
1023 1146 1078 1199 quo
1090 1127 1207 1180 farreum

127 1207 219 1260 libum
240 1209 428 1274 offerebatur,
450 1208 485 1262 sd
506 1206 667 1262 sanciendas
688 1209 800 1261 solemni
822 1210 876 1263 ritu
897 1211 1006 1284 nuptias
1028 1209 1208 1266 sacerdotum.

128 1289 259 1345 Meminit
278 1293 349 1346 Pliu.
372 1293 419 1346 lib.
436 1293 481 1346 cit.
502 1311 527 1347 c.
548 1293 575 1348 3.
592 1321 628 1334 -
648 1292 689 1346 De
706 1310 845 1348 servorum
864 1291 990 1346 demenso
1011 1291 1073 1349 vide
1094 1291 1130 1348 ad
1153 1294 1209 1358 v1,

130 1392 193 1428 rao.
211 1377 267 1430 En.

168 1522 237 1568 Vn.
258 1521 317 1569 123.
335 1521 431 1582 Possis,
450 1538 494 1584 17,
513 1523 558 1581 st,
575 1530 624 1580 at,
639 1523 752 1585 tss-tp.
770 1521 864 1580 Possit,
884 1537 923 1586 ¹9·
937 1547 973 1560 -
988 1522 1036 1571 Hic
1049 1537 1147 1582 versus,
1164 1523 1209 1586 qui

127 1609 231 1656 silentio
238 1609 436 1673 pretermittitur
446 1609 477 1657 ab
492 1608 683 1674 interpretibus,
695 1609 792 1674 quoties
805 1625 862 1657 eum
871 1609 934 1674 legi,
948 1625 1093 1674 semperne
1103 1609 1208 1658 olienslit

126 1693 206 1756 (nam
215 1703 240 1739 et
249 1691 349 1757 languet
355 1708 471 1756 metaque
480 1691 594 1756 repetitio
602 1699 639 1738 est
648 1707 684 1739 vs.
695 1707 759 1754 ιιι),
771 1701 795 1740 et
807 1691 898 1740 idcirco
907 1693 980 1758 plane
990 1693 1101 1758 ineptum
1111 1691 1209 1741 ridetur

126 1773 182 1822 lsoe
193 1775 279 1842 loco);
297 1793 444 1841 semperque
456 1776 556 1840 putavi,
568 1775 634 1824 banc
646 1791 699 1823 esse
712 1775 817 1840 glossam
834 1777 861 1824 iu
874 1777 984 1842 margine
995 1775 1158 1842 adscriptam,
1175 1774 1207 1823 ad

127 1875 170 1907 vs.
189 1875 255 1924 119,
272 1858 311 1907 lu'r
319 1859 444 1926 proecr'ptte
455 1858 561 1918 caristie,
580 1869 607 1906 nt
619 1855 718 1928 linguas
733 1857 908 1923 mancipiorum
925 1871 1076 1908 contemnas.
1092 1861 1207 1923 Quorum

126 1943 267 1992 verborum
282 1943 352 1991 haud
364 1938 442 1992 dubie
454 1943 698 2008 interpretamentum
708 1942 753 1989 suit
764 1958 770 1990 :
782 1940 877 1989 Idcirco
891 1953 917 1990 ut
926 1941 1006 2007 possis
1021 1941 1132 2008 linguam
1148 1956 1206 1988 con·

128 2037 240 2072 temnere
251 2024 314 2073 semi
320 2043 329 2082 ,·
343 2025 411 2089 qnod
423 2041 499 2090 quum
515 2025 542 2072 iu
557 2033 649 2072 textum
663 2023 794 2089 irreperet,
807 2040 936 2089 perperam
950 2041 963 2072 a
977 2025 1084 2074 librariis
1097 2025 1125 2073 in
1136 2039 1206 2083 eum,

128 2125 211 2172 quem
223 2123 291 2155 nnnc
302 2118 420 2172 occupat,
438 2107 521 2155 locum
538 2117 574 2154 est
587 2105 744 2167 translatum,
763 2116 788 2154 et
799 2106 892 2170 possim
907 2108 1043 2172 repositum
1056 2123 1103 2171 pro
1110 2107 1208 2172 possis,

126 2192 201 2257 quud
214 2203 298 2239 tamen
310 2201 334 2238 et
347 2191 430 2255 ipsum
439 2191 467 2238 in
479 2207 519 2253 17,
531 2190 577 2248 st,
592 2199 641 2251 nt,
655 2189 773 2253 tss-ttt.
788 2199 812 2238 et
822 2188 969 2254 quibusdam
980 2191 1049 2238 MSS.
1060 2190 1137 2240 Paris.
1147 2189 1207 2256 legi·

125 2289 178 2325 tur.
193 2277 233 2323 Eo
248 2275 333 2322 miuus
351 2283 433 2322 antem
447 2273 483 2322 iili
498 2272 659 2333 dubitarunt,
674 2272 736 2335 quin
753 2271 807 2321 luteo
824 2271 898 2320 rerba
917 2273 950 2322 ab
965 2273 1020 2338 ipso
1037 2282 1109 2336 poeta
1127 2282 1208 2321 essent

126 2359 258 2424 profecta,
269 2372 347 2422 quum
361 2356 440 2422 glossa
453 2357 497 2403 ista
514 2371 599 2403 versus
612 2365 674 2403 esset
687 2354 841 2414 hexameter3
855 2355 924 2418 quod
937 2371 1009 2416 tero,
1026 2356 1064 2403 vel
1078 2370 1136 2404 casu
1153 2354 1208 2402 lieri

127 2443 214 2508 pontit
225 2457 295 2490 coeoo
303 2476 310 2500 ,
319 2440 360 2488 vel
368 2455 443 2504 parva
452 2439 587 2488 verborum
596 2436 796 2502 transpositione.
808 2437 899 2486 Confer
910 2437 1010 2486 Excurs.
1021 2436 1052 2484 sd
1061 2437 1110 2485 Sat.
1120 2439 1156 2498 V,
1162 2452 1209 2500 90,

127 2543 174 2590 9¹·
185 2553 224 2562 -
236 2527 289 2573 lias
298 2525 450 2584 conjecturas
459 2521 511 2570 vidi
519 2532 604 2586 postea
615 2519 709 2568 firmari
720 2521 864 2568 auctoritate
873 2536 925 2568 nou
938 2529 986 2567 taus
1001 2519 1063 2567 cod.
1078 2521 1123 2580 13,
1135 2535 1208 2582 equo

127 2612 172 2660 ltin
183 2628 275 2659 versus
286 2626 336 2658 nna
346 2624 404 2657 cnm
413 2624 464 2670 seq.
474 2609 565 2666 ejectus
574 2615 611 2654 est
621 2605 660 2671 (ut
673 2607 777 2653 trecenti
789 2606 845 2662 elii,
860 2603 927 2652 unde
936 2603 1003 2653 band
1013 2605 1147 2668 quidquam
1158 2605 1208 2652 iere

128 2694 255 2744 momenti
266 2692 344 2742 habet
355 2693 383 2739 in
398 2707 424 2738 re
440 2688 557 2753 critica),
575 2703 649 2752 quam
662 2687 769 2734 duorum
780 2687 850 2736 MSS.
861 2687 937 2734 Puris.
952 2687 1068 2752 aquibus
1085 2686 1167 2748 abest,
1184 2697 1209 2733 et

129 2778 225 2828 codicis
243 2773 404 2826 vetustissimi
423 2772 453 2834 8,
471 2771 499 2820 in
517 2786 567 2836 quo
586 2785 672 2817 versus
691 2769 841 2828 1182-124,
862 2769 911 2820 ltoc
929 2772 1018 2821 ordine
1033 2789 1061 2820 ac
1078 2771 1156 2819 modo
1171 2770 1210 2819 le·

130 2875 225 2928 guntur
239 2881 246 2910 ι

324 2938 458 2988 Visentium
466 2947 544 2993 recte,
555 2952 609 2984 cnm
618 2943 719 2998 propter
730 2933 846 2996 plurim,
858 2945 915 2983 tune
926 2947 962 2984 est

324 3015 429 3069 Idcirco,
441 3024 468 3061 nt
482 3013 559 3077 possis
570 3013 676 3074 lingnam
686 3020 840 3057 contemnere
849 3009 923 3064 servi,

322 3090 445 3152 Psecipne
455 3088 559 3143 caussis,
571 3098 599 3134 nt
607 3087 701 3149 linguas
711 3085 884 3147 mancipiorum

324 3167 476 3213 Contemnes.
486 3165 536 3210 Nec
544 3162 624 3225 lingua
634 3162 689 3208 mali
699 3177 755 3223 pars
763 3160 864 3223 pessima
876 3161 944 3206 servi

323 3239 437 3288 Deterior
448 3248 528 3285 tamen
540 3239 593 3292 hic,
606 3237 647 3300 qni
659 3237 722 3284 liber
733 3235 835 3283 moverit
845 3233 914 3290 illos,

325 3317 433 3373 Quanam
444 3312 534 3360 animas
546 3321 570 3359 et
580 3311 643 3359 sarrs
655 3328 699 3360 sno
712 3311 818 3358 custodit
827 3319 851 3358 et
861 3326 917 3358 tere.

323 3389 388 3438 Utile
397 3389 514 3436 consilum
523 3406 530 3443 ς
539 3397 584 3434 etc.

136 3496 205 3544 mus
216 3493 347 3543 Pitlsoenm
355 3507 455 3557 quoque
462 3493 513 3552 jam
522 3491 582 3539 obus
594 3505 691 3539 versum
701 3491 769 3540 hunc
779 3491 916 3540 tollendu-
927 3493 958 3540 de
969 3494 1069 3556 medin,
1080 3503 1107 3542 ut
1118 3510 1212 3559 suppo·

136 3578 254 3638 sititiem,
266 3587 310 3626 ent
321 3576 405 3642 potius
420 3573 544 3639 duplicem
557 3572 627 3636 quasi
640 3573 765 3622 censuisse
777 3573 953 3624 animadverto.
972 3576 1012 3624 Sic
1023 3576 1051 3623 iu
1062 3575 1149 3624 eodem
1161 3577 1214 3626 MS.

135 3679 197 3712 snox
204 3672 263 3728 post
270 3679 309 3710 vs.
323 3661 374 3716 134
385 3658 473 3724 legitur
482 3657 524 3706 hic
534 3673 541 3704 ε
552 3656 640 3704 Gratus
651 3655 698 3705 eris
705 3673 715 3714 ,·
727 3667 753 3704 tu
762 3654 931 3721 tontumsucis
944 3657 1053 3722 imprime
1061 3657 1167 3708 dentem.

171 3756 234 3808 Nos
256 3755 407 3821 123-129.
427 3750 520 3806 Verba
537 3747 651 3802 Nsevoli.

172 3913 242 3963 Vsu.
264 3921 323 3970 snt.
344 3908 478 3960 Consilium
496 3923 573 3968 nune,
593 3909 854 3972 sedcommune,16,
874 3927 914 3976 ¹9·
933 3910 1079 3974 Consilium,
1097 3911 1143 3961 sed
1153 3929 1216 3960 nunc

135 4011 276 4056 maone,
290 3995 331 4043 si.
346 3990 479 4044 Consilium
488 3991 561 4053 mili,
574 3992 767 4056 sedsommune,
778 3994 823 4057 25,
835 4010 876 4058 η,
888 3997 1008 4058 st-to,
1023 3996 1070 4056 54,
1084 3996 1134 4056 st,
1148 3997 1216 4058 57-

134 4079 291 4138 te,tt,65.

172 4173 234 4225 Nos
247 4176 308 4235 1²4·
329 4170 393 4221 Utile
403 4169 532 4222 consilius
544 4170 636 4222 dedisti
645 4168 730 4224 scilic.
745 4187 828 4243 supra
842 4189 880 4227 ss.
897 4172 946 4226 118
958 4191 1012 4245 seq.
1025 4176 1071 4226 sed
1080 4187 1218 4234 sommum,
