3074 4990
335 429 376 494 38
493 427 666 492 VAHIAE
689 425 982 490 LECTlONES
1005 427 1069 489 ET
1093 419 1244 490 NOTAE

332 541 407 612 quod
419 561 476 595 non
488 541 525 596 ad
536 561 580 595 me
593 525 712 606 tantum,
726 537 773 592 sed
788 537 824 590 ad
836 538 981 590 Virronem
993 555 1114 609 quoque,
1126 537 1169 591 vel
1179 539 1204 591 ei
1215 538 1327 604 similes,
1337 538 1402 609 quin

334 625 370 680 ad
382 643 474 680 omnes
488 625 603 698 pertinet
614 624 747 678 homines.

364 726 431 775 Nor.
454 722 510 776 1²5.
530 729 588 773 Post
597 724 715 772 damatam
730 721 859 786 temporis,
873 719 971 791 majori
985 719 1047 773 ritas
1058 732 1135 790 parte
1151 732 1287 774 uansaota
1299 732 1325 774 et
1338 738 1402 773 con·

331 817 439 876 sumpto
446 804 531 857 aetatis
541 805 648 856 robore.
659 809 779 869 Deceptus
790 821 844 869 spes
857 800 1047 866 emolumenti,
1058 821 1073 855 e
1084 803 1225 856 laboribus
1238 801 1404 875 officiisque,

331 887 444 940 Virroni
454 887 592 960 praestitis,
605 887 641 940 ad
652 905 695 940 me
705 884 894 939 redundatari.

367 981 437 1036 Nor.
461 986 607 1052 126-129.
618 984 634 1034 J
637 999 736 1036 urenes
747 992 903 1052 comparent
916 981 986 1052 inpr.
999 983 1094 1035 Horat.
1105 981 1158 1036 Od.
1169 985 1197 1044 1,
1207 988 1238 1047 4,
1249 1000 1278 1034 ιι
1289 1000 1342 1054 seq.
1356 999 1385 1034 ιι
1397 1021 1405 1044 ,

332 1071 349 1120 6
365 1085 421 1139 seq.
440 1069 484 1131 11,
503 1058 543 1129 ti,
558 1071 573 1118 5
591 1085 646 1138 seq.
667 1071 715 1128 14,
736 1083 747 1117 t
766 1083 820 1136 seq.
836 1077 863 1117 et
882 1065 931 1128 IV,
948 1083 974 1135 7,
999 1071 1030 1128 tt
1045 1085 1101 1138 seq.
1126 1065 1185 1117 Alia
1203 1065 1264 1118 loca
1283 1063 1407 1118 laudavit

331 1152 446 1224 Koenig.
460 1150 495 1204 ad
506 1153 579 1205 Pers.
593 1153 630 1215 V,
644 1149 701 1203 153.
713 1149 756 1202 Ad
764 1169 821 1202 rem
831 1148 983 1220 aagendam
993 1162 1117 1220 spectant
1126 1148 1244 1220 epitheta
1253 1152 1343 1212 uelut,
1356 1167 1406 1198 ωι-

330 1249 411 1304 gustet
422 1235 545 1305 (brevis)
557 1247 584 1287 et
596 1237 736 1284 brevissima
743 1254 755 1295 ,·
774 1231 822 1286 sed
835 1233 918 1286 nimia
932 1252 1040 1305 quoque
1053 1253 1085 1287 ex
1100 1231 1228 1286 orationis
1244 1234 1366 1296 ubertas,
1379 1245 1408 1284 et

332 1319 463 1390 suspicari
475 1319 530 1371 lere
541 1317 644 1389 possis,
663 1317 745 1370 verba
756 1321 835 1367 velen
848 1321 977 1369 Flosculur
989 1332 1101 1385 angttstoe
1113 1321 1255 1385 miserisque
1265 1319 1406 1368 brevissima

332 1423 389 1458 esse
400 1405 513 1458 lacinias
523 1423 539 1457 a
550 1403 733 1457 versificatore
746 1403 838 1475 aliquo
849 1402 967 1456 adsutus.
979 1407 1090 1454 Festinat
1099 1407 1163 1453 enim
1176 1405 1315 1466 decurrere,
1326 1407 1407 1453 velox

331 1491 468 1555 Floteulus,
478 1503 592 1556 augttstte
600 1489 742 1555 miseretque
753 1489 895 1538 brevissima
904 1490 965 1538 viae
976 1490 1058 1539 Portis
1066 1486 1196 1558 distingui
1205 1488 1283 1558 jubet
1292 1485 1406 1542 Wakef-

333 1569 369 1622 ad
378 1573 484 1625 Lucret.
497 1570 556 1633 ΙΙΙ,
566 1589 627 1640 972.
640 1574 831 1634 -Decurrere,
842 1582 872 1623 ut
883 1570 919 1623 al.
930 1590 1007 1622 tetum
1016 1572 1104 1635 turni,
1113 1571 1213 1632 labetur,
1223 1573 1309 1633 votae,
1318 1568 1408 1638 Τρόχτς

332 1657 439 1726 ἅρματος
452 1653 500 1728 γὰρ
514 1647 554 1706 tie.
567 1653 646 1713 Birra:
658 1656 739 1725 τρέχει
755 1653 882 1719 κυλισθεὶς,
896 1655 992 1706 Anacr.
1006 1655 1061 1718 IV,
1073 1673 1099 1726 7,
1116 1654 1143 1707 8.
1164 1652 1264 1705 Confer
1276 1652 1363 1705 Bentl.
1380 1664 1409 1704 et

214 1773 217 1779 Δ
330 1741 480 1795 Mitscherl.
494 1739 530 1794 ad
544 1741 638 1794 Horat.
651 1739 705 1793 Od.
720 1741 765 1805 ll,
781 1739 812 1800 ⁵,
831 1740 873 1794 13.
892 1771 928 1780 -
946 1744 1071 1792 Flosculus
1084 1743 1160 1804 vitoe,
1171 1753 1201 1792 ut
1212 1739 1279 1810 ἀκμὴ
1290 1752 1317 1792 et
1326 1739 1408 1808 ἀκμά-

330 1827 403 1885 ζιυσα
422 1825 523 1889 ἡλικία,
540 1827 583 1881 rel
604 1827 671 1884 ἄνθος
685 1823 748 1884 iiiuc
766 1825 821 1896 ἄρτι
838 1824 963 1894 stupuisti,
982 1824 1058 1896 apud
1075 1823 1154 1877 Pind.
1175 1824 1256 1897 Pytb.
1273 1824 1323 1888 lv,
1341 1823 1407 1886 281;

331 1911 434 1982 ἀκμαῖον
453 1909 521 1968 ἄνθος
537 1909 616 1981 ὥρας,
633 1908 707 1982 apud
726 1911 824 1962 Anacr.
844 1908 978 1970 XXXIV,
1000 1913 1029 1970 l,
1046 1921 1074 1962 et
1090 1908 1188 1961 similia
1201 1909 1301 1980 passim
1316 1907 1407 1960 obvia.

332 1997 416 2046 Pettio
433 1997 508 2058 vite,
524 1996 581 2066 J'am
596 1993 673 2046 initio
687 2012 703 2046 a
722 1993 814 2046 Parcis
831 1990 984 2063 designata,
1003 2003 1032 2043 ut
1046 2011 1193 2058 proemtnsoe
1207 2005 1316 2060 tempora
1332 1992 1409 2052 lucis,
1486 2008 1491 2026 ¹

332 2075 407 2151 apud
416 2076 518 2129 Tibull.
529 2078 590 2141 ΙΙΙ,
599 2075 630 2141 3,
641 2096 671 2146 9,
679 2091 703 2128 et
712 2079 775 2128 vitoe
784 2095 878 2127 summa
888 2078 964 2126 brevis
977 2074 1051 2148 apud
1062 2076 1158 2128 Horat.
1169 2074 1222 2127 Od.
1236 2076 1262 2137 1,
1276 2081 1305 2137 4,
1319 2093 1360 2125 rr.
1373 2073 1407 2124 ln

330 2161 421 2215 verbis
434 2165 559 2214 decurrere
566 2165 686 2232 flosculus
700 2159 799 2215 diversi
819 2161 923 2231 generis
939 2159 1069 2230 imagines
1084 2171 1111 2212 et
1128 2158 1300 2229 metaphoras
1317 2155 1410 2228 junxit

331 2259 425 2318 poeta,
435 2260 467 2301 ut
479 2249 509 2300 in
518 2245 612 2301 eadem
623 2265 653 2299 re
660 2245 775 2298 Rufinus
785 2245 878 2316 Epigr.
891 2244 980 2311 VIII,
991 2243 1185 2309 5‚in13runct.
1196 2243 1274 2295 Anni.
1288 2254 1353 2294 tom.
1364 2242 1408 2305 11,

332 2337 395 2404 pag.
417 2331 477 2400 392.
498 2317 519 2385 i
537 2331 639 2391 τόσσους
662 2329 794 2399 κατέφλεξε
816 2329 843 2380 τὸ
865 2327 920 2400 πρὶν
940 2329 1069 2379 lectitetur
1088 2327 1172 2394 ἄνθος,
1192 2325 1228 2378 ad
1249 2345 1309 2398 quae
1328 2324 1409 2377 verba

332 2416 432 2468 Jacobs
442 2413 478 2469 ad
492 2415 637 2485 Antbolog.
650 2413 737 2468 Graec.
752 2411 807 2466 rol.
822 2412 866 2477 ΙΙ,
878 2424 948 2483 part.
963 2413 1021 2475 111,
1033 2430 1096 2483 pag.
1109 2413 1175 2480 159,
1192 2421 1283 2471 notat,
1301 2409 1328 2460 in
1337 2411 1410 2480 ejus-

331 2499 408 2552 modi
426 2499 582 2564 vocabulis,
606 2517 722 2570 quorum
738 2496 924 2568 metaphorica
945 2493 1107 2566 significatio
1130 2493 1265 2566 frequenti
1286 2511 1336 2544 usu
1355 2491 1411 2544 lere

332 2581 476 2636 obliterata
500 2581 596 2646 luerit,
616 2599 672 2631 non
701 2591 857 2632 accuratam
881 2577 950 2630 adeo
977 2578 1145 2648 diligentiam
1171 2578 1254 2630 fuisse
1278 2575 1410 2648 sequioris

333 2665 383 2719 aevi
397 2664 493 2740 poetis.

366 2761 437 2814 Nor.
458 2760 522 2821 128,
542 2774 602 2824 129.
621 2756 696 2822 Quin
714 2753 783 2808 adeo
797 2757 856 2804 dum
870 2757 1002 2821 loqttt'mur,
1013 2757 1111 2826 fugerit
1127 2759 1211 2807 iutt'tiu
1224 2769 1296 2818 πτας,
1311 2756 1408 2809 Horat.

332 2843 387 2898 Od.
403 2844 430 2910 1,
446 2861 492 2908 ιι,
506 2861 531 2913 7.
546 2847 628 2906 Serta,
642 2853 767 2908 ungiteata
779 2851 806 2892 et
817 2843 908 2906 puelloe
921 2853 1042 2911 spectant
1053 2841 1222 2913 potissimam
1233 2839 1268 2893 ad
1279 2841 1410 2912 epulaset

332 2925 547 2980 comessationes.
561 2930 648 2986 Serta,
663 2923 772 2995 proprie
785 2925 913 2994 στέμμιιτα
927 2923 1072 2992 (stemmate
1085 2925 1173 2988 VIII,
1188 2944 1211 2990 1,
1227 2927 1344 2978 tantm..
1356 2927 1412 2974 stad

331 3011 581 3078 Blumeugut'tltsttdctt
595 3010 649 3060 aad
662 3011 760 3058 Festum
769 3009 790 3078 ).
804 3009 948 3078 Pancarpi(
958 3010 1166 3059 Fatebtscltuuteu
1175 3011 1193 3075 )‚
1207 3009 1306 3080 quibus
1323 3026 1407 3060 orna·

333 3095 432 3146 bantur
442 3092 556 3164 pocula,
570 3097 672 3158 ianuar,
682 3092 792 3157 alteria,
809 3093 891 3158 atria;
904 3112 921 3146 a
933 3095 1032 3166 quibus
1046 3093 1207 3147 differebant
1220 3113 1314 3145 eamne
1324 3106 1352 3146 et
1367 3115 1407 3146 co·

331 3179 414 3240 mlle,
427 3178 553 3244 στέφανοι,
567 3176 733 3244 arcessitam
744 3175 799 3231 rid.
812 3177 910 3248 Battig.
927 3176 1044 3242 Sabina,
1061 3197 1089 3250 p.
1105 3195 1168 3248 191,
1184 3196 1243 3246 19²·
1258 3183 1405 3248 (sugerente,-

332 3258 396 3313 vide
406 3259 442 3312 ad
455 3261 510 3324 vt,
520 3261 580 3325 303,
592 3273 619 3312 et
626 3261 679 3321 xl,
697 3279 755 3313 raa.
769 3261 921 3332 Unguentis
932 3261 1013 3313 etiam
1024 3261 1222 3332 pretiosissimis
1233 3261 1326 3333 capilli
1337 3263 1408 3314 mol-

333 3343 401 3394 lium
421 3341 543 3394 virorum
562 3342 781 3414 feminarumque¹
797 3361 901 3416 semper
919 3344 1036 3397 delibuti
1054 3357 1146 3411 erant;
1164 3343 1227 3400 vide
1247 3345 1348 3417 Spanb.
1370 3343 1406 3398 ad

334 3426 441 3480 Gallim.
452 3425 480 3477 in
489 3425 577 3496 Apoll.
590 3423 652 3480 ride
662 3427 696 3479 38
706 3445 761 3497 seq.
773 3439 800 3479 et
808 3426 898 3480 Burin.
911 3427 947 3480 ad
958 3428 1039 3483 Oritl.
1052 3429 1118 3484 Her.
1130 3429 1191 3496 xV,
1202 3432 1389 3500 76.-Puellat
1395 3454 1407 3494 ,-
1454 3467 1457 3473 .

332 3509 397 3563 vide
409 3507 509 3569 adXI,
526 3511 626 3561 162.—
635 3512 743 3579 obrepit,
754 3511 881 3583 preclare
891 3509 924 3564 de
933 3525 1064 3574 senectute,
1075 3531 1134 3584 ques
1144 3523 1242 3584 praeter
1249 3512 1405 3584 opinionem

334 3606 362 3647 et
373 3613 421 3645 nort
434 3597 572 3654 intellecta,
588 3593 642 3659 ita,
660 3605 691 3646 nt
704 3593 749 3648 vix
762 3613 794 3648 ac
807 3614 841 3648 ne
856 3595 901 3650 rix
915 3596 1025 3668 quidem
1041 3597 1199 3663 sentiamus,
1214 3595 1360 3652 adventat:
1375 3612 1406 3651 ut

334 3677 408 3813 {pud
417 3681 528 3814 {neget
543 3680 572 3742 Ι,
586 3677 645 3741 4ι5.
656 3703 667 3724 ι
676 3677 768 3732 Tarda
777 3697 824 3751 per
840 3680 959 3732 membra
975 3693 1097 3734 senectus
1106 3683 1203 3754 serpit;
1213 3707 1224 3727 ι
1237 3681 1310 3754 apud
1322 3683 1404 3738 Ovid.

367 3773 401 3814 et.
450 3800 457 3822 ‚
492 3779 533 3830 19·

521 3869 619 3917 Labitur
630 3871 723 3918 occulte
734 3869 840 3932 fallitque
853 3870 958 3918 volatilis
970 3882 1037 3926 setas,

334 3983 361 4025 et
373 3971 445 4025 Fast.
457 3969 512 4037 v1,
526 3988 591 4040 771,

519 4080 637 4140 Tempora
647 4079 768 4134 labuntur,
780 4081 904 4144 tacitisque
915 4083 1058 4130 senescimus
1070 4084 1144 4130 aunis.
1205 4120 1207 4124 ,

334 4181 379 4234 sic
397 4203 409 4227 ι
421 4178 527 4252 obrepit
544 4177 730 4234 adolescentia·
744 4194 899 4243 semotus,-
920 4182 990 4237 dixit
1006 4185 1063 4240 Cic.
1080 4185 1114 4239 de
1130 4186 1191 4240 Sea.
1209 4206 1268 4260 cap.
1286 4207 1313 4252 ις
1329 4215 1340 4235 ι
1352 4189 1406 4240 Λιι-
