<?xml version="1.0" encoding="UTF-8"?>
<!DOCTYPE html PUBLIC "-//W3C//DTD XHTML 1.0 Transitional//EN"
    "http://www.w3.org/TR/xhtml1/DTD/xhtml1-transitional.dtd">
<html xmlns="http://www.w3.org/1999/xhtml" xml:lang="en" lang="en">
 <head>
  <title>
</title>
<meta http-equiv="Content-Type" content="text/html;charset=utf-8" />
  <meta name='ocr-system' content='tesseract 3.04.00' />
  <meta name='ocr-capabilities' content='ocr_page ocr_carea ocr_par ocr_line ocrx_word'/>
</head>
<body>
  <div class='ocr_page' id='page_1' title='image "./sexdecimsatir02lemagoog_0071.png"; bbox 0 0 3074 4990; ppageno 0'>
   <div class='ocr_carea' id='block_1_1' title="bbox 268 414 1110 558">
    <p class='ocr_par' dir='ltr' id='par_1_1' title="bbox 268 414 1110 558">
     <span class='ocr_line' id='line_1_1' title="bbox 268 414 1110 558; baseline 0.008 -33"><span class='ocrx_word' id='word_1_1' title='bbox 268 414 271 422; x_wconf 66' lang='grc'><strong><em>’</em></strong></span> <span class='ocrx_word' id='word_1_2' title='bbox 323 461 365 526; x_wconf 80' lang='lat' dir='ltr'>so</span> <span class='ocrx_word' id='word_1_3' title='bbox 626 469 666 533; x_wconf 91' lang='lat' dir='ltr'>o.</span> <span class='ocrx_word' id='word_1_4' title='bbox 690 467 819 532; x_wconf 81' lang='lat' dir='ltr'><strong>suun</strong></span> <span class='ocrx_word' id='word_1_5' title='bbox 842 465 1110 558; x_wconf 72' lang='lat' dir='ltr'>Juvquams</span> 
     </span>
    </p>
   </div>
   <div class='ocr_carea' id='block_1_2' title="bbox 221 579 1393 2542">
    <p class='ocr_par' dir='ltr' id='par_1_2' title="bbox 321 579 1099 676">
     <span class='ocr_line' id='line_1_2' title="bbox 321 579 1099 676; baseline 0.01 -32"><span class='ocrx_word' id='word_1_6' title='bbox 321 579 453 647; x_wconf 85' lang='lat' dir='ltr'><strong>Haesuri</strong></span> <span class='ocrx_word' id='word_1_7' title='bbox 471 581 553 650; x_wconf 86' lang='lat' dir='ltr'><strong>saxis</strong></span> <span class='ocrx_word' id='word_1_8' title='bbox 571 583 723 652; x_wconf 90' lang='lat' dir='ltr'>cinerum</span> <span class='ocrx_word' id='word_1_9' title='bbox 738 583 952 667; x_wconf 80' lang='lat' dir='ltr'>custodibus,</span> <span class='ocrx_word' id='word_1_10' title='bbox 969 583 1010 651; x_wconf 92' lang='lat' dir='ltr'>ad</span> <span class='ocrx_word' id='word_1_11' title='bbox 1025 609 1099 676; x_wconf 89' lang='lat' dir='ltr'>quae</span> 
     </span>
    </p>

    <p class='ocr_par' dir='ltr' id='par_1_3' title="bbox 320 688 1390 778">
     <span class='ocr_line' id='line_1_3' title="bbox 320 688 1390 778; baseline 0.01 -23"><span class='ocrx_word' id='word_1_12' title='bbox 320 688 542 763; x_wconf 89' lang='lat' dir='ltr'>Discutienda</span> <span class='ocrx_word' id='word_1_13' title='bbox 552 691 665 760; x_wconf 92' lang='lat' dir='ltr'>valent</span> <span class='ocrx_word' id='word_1_14' title='bbox 678 691 799 761; x_wconf 91' lang='lat' dir='ltr'>sterilis</span> <span class='ocrx_word' id='word_1_15' title='bbox 814 693 900 761; x_wconf 85' lang='lat' dir='ltr'>mala</span> <span class='ocrx_word' id='word_1_16' title='bbox 914 694 1035 762; x_wconf 86' lang='lat' dir='ltr'>robora</span> <span class='ocrx_word' id='word_1_17' title='bbox 1048 691 1149 778; x_wconf 80' lang='lat' dir='ltr'>licus3</span> <span class='ocrx_word' id='word_1_18' title='bbox 1341 701 1390 766; x_wconf 81' lang='lat' dir='ltr'>1t⁵</span> 
     </span>
    </p>

    <p class='ocr_par' dir='ltr' id='par_1_4' title="bbox 320 797 1317 1007">
     <span class='ocr_line' id='line_1_4' title="bbox 320 797 1295 899; baseline -0.001 -32"><span class='ocrx_word' id='word_1_19' title='bbox 320 797 604 895; x_wconf 85' lang='lat' dir='ltr'><strong>Quandoquidem</strong></span> <span class='ocrx_word' id='word_1_20' title='bbox 617 803 694 872; x_wconf 89' lang='lat' dir='ltr'><strong>data</strong></span> <span class='ocrx_word' id='word_1_21' title='bbox 706 818 787 873; x_wconf 95' lang='lat' dir='ltr'>sunt</span> <span class='ocrx_word' id='word_1_22' title='bbox 800 804 878 898; x_wconf 91' lang='lat' dir='ltr'>ipsis</span> <span class='ocrx_word' id='word_1_23' title='bbox 892 827 1029 899; x_wconf 91' lang='lat' dir='ltr'>quoque</span> <span class='ocrx_word' id='word_1_24' title='bbox 1046 801 1113 871; x_wconf 83' lang='lat' dir='ltr'><strong>lata</strong></span> <span class='ocrx_word' id='word_1_25' title='bbox 1126 799 1295 895; x_wconf 77' lang='lat' dir='ltr'><strong>sepulcris.</strong></span> 
     </span>
     <span class='ocr_line' id='line_1_5' title="bbox 368 910 1317 1007; baseline 0 -31"><span class='ocrx_word' id='word_1_26' title='bbox 368 910 528 1003; x_wconf 84' lang='lat' dir='ltr'>Expende</span> <span class='ocrx_word' id='word_1_27' title='bbox 542 911 765 981; x_wconf 84' lang='lat' dir='ltr'>Hannibalern</span> <span class='ocrx_word' id='word_1_28' title='bbox 783 939 790 981; x_wconf 94' lang='lat'>:</span> <span class='ocrx_word' id='word_1_29' title='bbox 814 927 898 1007; x_wconf 91' lang='lat' dir='ltr'>quot</span> <span class='ocrx_word' id='word_1_30' title='bbox 911 911 1012 981; x_wconf 89' lang='lat' dir='ltr'>libras</span> <span class='ocrx_word' id='word_1_31' title='bbox 1029 913 1065 980; x_wconf 93' lang='lat' dir='ltr'>in</span> <span class='ocrx_word' id='word_1_32' title='bbox 1084 912 1168 980; x_wconf 87' lang='lat' dir='ltr'>duce</span> <span class='ocrx_word' id='word_1_33' title='bbox 1184 933 1317 980; x_wconf 92' lang='lat' dir='ltr'>summo</span> 
     </span>
    </p>

    <p class='ocr_par' dir='ltr' id='par_1_5' title="bbox 321 1019 1218 1118">
     <span class='ocr_line' id='line_1_6' title="bbox 321 1019 1218 1118; baseline 0.006 -34"><span class='ocrx_word' id='word_1_34' title='bbox 321 1019 492 1090; x_wconf 79' lang='lat' dir='ltr'><strong>Invenies?</strong></span> <span class='ocrx_word' id='word_1_35' title='bbox 505 1023 561 1093; x_wconf 94' lang='lat' dir='ltr'>hic</span> <span class='ocrx_word' id='word_1_36' title='bbox 577 1038 643 1111; x_wconf 92' lang='lat' dir='ltr'>est,</span> <span class='ocrx_word' id='word_1_37' title='bbox 658 1049 758 1118; x_wconf 92' lang='lat' dir='ltr'>quem</span> <span class='ocrx_word' id='word_1_38' title='bbox 774 1049 845 1094; x_wconf 92' lang='lat' dir='ltr'>non</span> <span class='ocrx_word' id='word_1_39' title='bbox 862 1024 952 1117; x_wconf 85' lang='lat' dir='ltr'>capit</span> <span class='ocrx_word' id='word_1_40' title='bbox 966 1023 1081 1093; x_wconf 78' lang='lat' dir='ltr'>Africa</span> <span class='ocrx_word' id='word_1_41' title='bbox 1095 1023 1218 1092; x_wconf 86' lang='lat' dir='ltr'>Mauro</span> 
     </span>
    </p>

    <p class='ocr_par' dir='ltr' id='par_1_6' title="bbox 320 1129 1112 1228">
     <span class='ocr_line' id='line_1_7' title="bbox 320 1129 1112 1228; baseline 0.005 -32"><span class='ocrx_word' id='word_1_42' title='bbox 320 1129 479 1200; x_wconf 84' lang='lat' dir='ltr'><strong>Percussa</strong></span> <span class='ocrx_word' id='word_1_43' title='bbox 491 1134 643 1220; x_wconf 85' lang='lat' dir='ltr'>Oceano,</span> <span class='ocrx_word' id='word_1_44' title='bbox 658 1134 804 1228; x_wconf 86' lang='lat' dir='ltr'>Niloque</span> <span class='ocrx_word' id='word_1_45' title='bbox 818 1133 952 1202; x_wconf 89' lang='lat' dir='ltr'>admota</span> <span class='ocrx_word' id='word_1_46' title='bbox 965 1133 1112 1228; x_wconf 89' lang='lat' dir='ltr'>tepenti,</span> 
     </span>
    </p>

    <p class='ocr_par' dir='ltr' id='par_1_7' title="bbox 319 1239 1265 1337">
     <span class='ocr_line' id='line_1_8' title="bbox 319 1239 1265 1337; baseline 0.002 -33"><span class='ocrx_word' id='word_1_47' title='bbox 319 1239 447 1308; x_wconf 86' lang='lat' dir='ltr'><strong>Rursus</strong></span> <span class='ocrx_word' id='word_1_48' title='bbox 461 1241 504 1309; x_wconf 89' lang='lat' dir='ltr'>ad</span> <span class='ocrx_word' id='word_1_49' title='bbox 519 1243 718 1336; x_wconf 89' lang='lat' dir='ltr'>AEthiopum</span> <span class='ocrx_word' id='word_1_50' title='bbox 733 1242 876 1336; x_wconf 91' lang='lat' dir='ltr'>populos</span> <span class='ocrx_word' id='word_1_51' title='bbox 891 1241 1042 1337; x_wconf 89' lang='lat' dir='ltr'>altosque</span> <span class='ocrx_word' id='word_1_52' title='bbox 1058 1239 1265 1335; x_wconf 89' lang='lat' dir='ltr'>elephantos.</span> 
     </span>
    </p>

    <p class='ocr_par' dir='ltr' id='par_1_8' title="bbox 316 1347 1393 1446">
     <span class='ocr_line' id='line_1_9' title="bbox 316 1347 1393 1446; baseline 0.004 -32"><span class='ocrx_word' id='word_1_53' title='bbox 316 1347 462 1418; x_wconf 78' lang='lat' dir='ltr'><strong>Additur</strong></span> <span class='ocrx_word' id='word_1_54' title='bbox 479 1350 627 1445; x_wconf 86' lang='lat' dir='ltr'>imperiis</span> <span class='ocrx_word' id='word_1_55' title='bbox 642 1352 804 1446; x_wconf 81' lang='lat' dir='ltr'><strong>Hispania</strong></span> <span class='ocrx_word' id='word_1_56' title='bbox 820 1377 828 1420; x_wconf 91' lang='lat'>:</span> <span class='ocrx_word' id='word_1_57' title='bbox 845 1354 1044 1445; x_wconf 75' lang='lat' dir='ltr'>Pyrenaeum</span> <span class='ocrx_word' id='word_1_58' title='bbox 1340 1359 1393 1413; x_wconf 83' lang='lat'>1⁵0</span> 
     </span>
    </p>

    <p class='ocr_par' dir='ltr' id='par_1_9' title="bbox 221 1457 1222 1555">
     <span class='ocr_line' id='line_1_10' title="bbox 221 1457 1222 1555; baseline 0.002 -32"><span class='ocrx_word' id='word_1_59' title='bbox 221 1537 225 1553; x_wconf 34' lang='grc' dir='ltr'>ι</span> <span class='ocrx_word' id='word_1_60' title='bbox 318 1457 478 1528; x_wconf 89' lang='lat' dir='ltr'>Transilit</span> <span class='ocrx_word' id='word_1_61' title='bbox 492 1486 500 1528; x_wconf 92' lang='lat'><strong>:</strong></span> <span class='ocrx_word' id='word_1_62' title='bbox 516 1461 676 1555; x_wconf 89' lang='lat' dir='ltr'>opposuit</span> <span class='ocrx_word' id='word_1_63' title='bbox 690 1475 811 1530; x_wconf 84' lang='lat' dir='ltr'>natura</span> <span class='ocrx_word' id='word_1_64' title='bbox 822 1459 1010 1555; x_wconf 78' lang='lat' dir='ltr'>Alpemque</span> <span class='ocrx_word' id='word_1_65' title='bbox 1024 1459 1222 1551; x_wconf 68' lang='lat' dir='ltr'>niuemque,</span> 
     </span>
    </p>

    <p class='ocr_par' dir='ltr' id='par_1_10' title="bbox 318 1565 1120 1664">
     <span class='ocr_line' id='line_1_11' title="bbox 318 1565 1120 1664; baseline 0.006 -33"><span class='ocrx_word' id='word_1_66' title='bbox 318 1565 458 1637; x_wconf 88' lang='lat' dir='ltr'>Diducit</span> <span class='ocrx_word' id='word_1_67' title='bbox 471 1568 642 1664; x_wconf 90' lang='lat' dir='ltr'>scopulos,</span> <span class='ocrx_word' id='word_1_68' title='bbox 656 1585 689 1639; x_wconf 93' lang='lat' dir='ltr'>et</span> <span class='ocrx_word' id='word_1_69' title='bbox 702 1567 852 1638; x_wconf 77' lang='lat' dir='ltr'>m&#39;ontem</span> <span class='ocrx_word' id='word_1_70' title='bbox 870 1570 998 1664; x_wconf 82' lang='lat' dir='ltr'>rumpit</span> <span class='ocrx_word' id='word_1_71' title='bbox 1012 1581 1120 1637; x_wconf 89' lang='lat' dir='ltr'>aceto.</span> 
     </span>
    </p>

    <p class='ocr_par' dir='ltr' id='par_1_11' title="bbox 318 1675 1185 1776">
     <span class='ocr_line' id='line_1_12' title="bbox 318 1675 1185 1776; baseline 0.006 -33"><span class='ocrx_word' id='word_1_72' title='bbox 318 1675 337 1742; x_wconf 91' lang='lat' dir='ltr'>J</span> <span class='ocrx_word' id='word_1_73' title='bbox 339 1699 392 1744; x_wconf 86' lang='lat' dir='ltr'>am</span> <span class='ocrx_word' id='word_1_74' title='bbox 408 1691 501 1747; x_wconf 90' lang='lat' dir='ltr'>tenet</span> <span class='ocrx_word' id='word_1_75' title='bbox 515 1677 664 1767; x_wconf 80' lang='lat' dir='ltr'>Italiam3</span> <span class='ocrx_word' id='word_1_76' title='bbox 679 1695 793 1749; x_wconf 89' lang='lat' dir='ltr'>tamen</span> <span class='ocrx_word' id='word_1_77' title='bbox 807 1679 897 1749; x_wconf 89' lang='lat' dir='ltr'>ultra</span> <span class='ocrx_word' id='word_1_78' title='bbox 909 1704 1054 1776; x_wconf 81' lang='lat' dir='ltr'>pergere</span> <span class='ocrx_word' id='word_1_79' title='bbox 1068 1677 1185 1748; x_wconf 89' lang='lat' dir='ltr'>tendit.</span> 
     </span>
    </p>

    <p class='ocr_par' dir='ltr' id='par_1_12' title="bbox 317 1788 1391 1884">
     <span class='ocr_line' id='line_1_13' title="bbox 317 1788 1391 1884; baseline -0.002 -30"><span class='ocrx_word' id='word_1_80' title='bbox 317 1788 456 1874; x_wconf 87' lang='lat' dir='ltr'>Actum,</span> <span class='ocrx_word' id='word_1_81' title='bbox 471 1789 595 1884; x_wconf 90' lang='lat' dir='ltr'>inquit,</span> <span class='ocrx_word' id='word_1_82' title='bbox 612 1789 697 1860; x_wconf 88' lang='lat' dir='ltr'><strong>nihil</strong></span> <span class='ocrx_word' id='word_1_83' title='bbox 710 1806 778 1878; x_wconf 87' lang='lat' dir='ltr'>est,</span> <span class='ocrx_word' id='word_1_84' title='bbox 793 1792 859 1860; x_wconf 91' lang='lat' dir='ltr'><strong>nisi</strong></span> <span class='ocrx_word' id='word_1_85' title='bbox 878 1794 984 1860; x_wconf 85' lang='lat' dir='ltr'>Poeno</span> <span class='ocrx_word' id='word_1_86' title='bbox 999 1788 1105 1858; x_wconf 86' lang='lat' dir='ltr'>milite</span> <span class='ocrx_word' id='word_1_87' title='bbox 1117 1801 1232 1881; x_wconf 86' lang='lat' dir='ltr'>portas</span> <span class='ocrx_word' id='word_1_88' title='bbox 1339 1799 1391 1853; x_wconf 82' lang='lat'>1⁵5</span> 
     </span>
    </p>

    <p class='ocr_par' dir='ltr' id='par_1_13' title="bbox 315 1898 1138 1994">
     <span class='ocr_line' id='line_1_14' title="bbox 315 1898 1138 1994; baseline -0.001 -31"><span class='ocrx_word' id='word_1_89' title='bbox 315 1898 344 1963; x_wconf 88' lang='lat' dir='ltr'>F</span> <span class='ocrx_word' id='word_1_90' title='bbox 346 1898 531 1990; x_wconf 83' lang='lat' dir='ltr'>rangimus,</span> <span class='ocrx_word' id='word_1_91' title='bbox 546 1914 580 1968; x_wconf 88' lang='lat' dir='ltr'>et</span> <span class='ocrx_word' id='word_1_92' title='bbox 593 1900 704 1969; x_wconf 89' lang='lat' dir='ltr'>media</span> <span class='ocrx_word' id='word_1_93' title='bbox 716 1898 875 1991; x_wconf 82' lang='lat' dir='ltr'>vexillum</span> <span class='ocrx_word' id='word_1_94' title='bbox 888 1923 979 1994; x_wconf 91' lang='lat' dir='ltr'>pono</span> <span class='ocrx_word' id='word_1_95' title='bbox 991 1898 1138 1968; x_wconf 89' lang='lat' dir='ltr'><strong>Subura.</strong></span> 
     </span>
    </p>

    <p class='ocr_par' dir='ltr' id='par_1_14' title="bbox 318 2005 1028 2104">
     <span class='ocr_line' id='line_1_15' title="bbox 318 2005 1028 2104; baseline 0.001 -31"><span class='ocrx_word' id='word_1_96' title='bbox 318 2006 351 2073; x_wconf 95' lang='grc' dir='ltr'>Ο</span> <span class='ocrx_word' id='word_1_97' title='bbox 367 2006 473 2099; x_wconf 89' lang='lat' dir='ltr'>qualis</span> <span class='ocrx_word' id='word_1_98' title='bbox 488 2007 605 2095; x_wconf 80' lang='lat' dir='ltr'>facies,</span> <span class='ocrx_word' id='word_1_99' title='bbox 621 2024 655 2078; x_wconf 89' lang='lat' dir='ltr'>et</span> <span class='ocrx_word' id='word_1_100' title='bbox 669 2009 760 2104; x_wconf 91' lang='lat' dir='ltr'>quali</span> <span class='ocrx_word' id='word_1_101' title='bbox 774 2008 877 2102; x_wconf 84' lang='lat' dir='ltr'><strong>digna</strong></span> <span class='ocrx_word' id='word_1_102' title='bbox 892 2005 1028 2092; x_wconf 87' lang='lat' dir='ltr'>tabella,</span> 
     </span>
    </p>

    <p class='ocr_par' dir='ltr' id='par_1_15' title="bbox 316 2108 1156 2212">
     <span class='ocr_line' id='line_1_16' title="bbox 316 2108 1156 2212; baseline -0.001 -31"><span class='ocrx_word' id='word_1_103' title='bbox 316 2114 433 2202; x_wconf 85' lang='lat' dir='ltr'>Quum</span> <span class='ocrx_word' id='word_1_104' title='bbox 448 2116 580 2186; x_wconf 82' lang='lat' dir='ltr'><strong>Gaetula</strong></span> <span class='ocrx_word' id='word_1_105' title='bbox 593 2116 714 2186; x_wconf 89' lang='lat' dir='ltr'>ducem</span> <span class='ocrx_word' id='word_1_106' title='bbox 731 2132 882 2212; x_wconf 88' lang='lat' dir='ltr'>portaret</span> <span class='ocrx_word' id='word_1_107' title='bbox 897 2115 996 2186; x_wconf 91' lang='lat' dir='ltr'>belua</span> <span class='ocrx_word' id='word_1_108' title='bbox 1010 2108 1156 2184; x_wconf 89' lang='lat' dir='ltr'>luscum!</span> 
     </span>
    </p>

    <p class='ocr_par' dir='ltr' id='par_1_16' title="bbox 317 2223 1146 2322">
     <span class='ocr_line' id='line_1_17' title="bbox 317 2223 1146 2322; baseline -0.002 -30"><span class='ocrx_word' id='word_1_109' title='bbox 317 2225 436 2294; x_wconf 81' lang='lat' dir='ltr'><strong>Exitus</strong></span> <span class='ocrx_word' id='word_1_110' title='bbox 451 2251 530 2322; x_wconf 82' lang='lat' dir='ltr'>ergo</span> <span class='ocrx_word' id='word_1_111' title='bbox 545 2227 620 2322; x_wconf 94' lang='lat' dir='ltr'>quis</span> <span class='ocrx_word' id='word_1_112' title='bbox 633 2226 706 2296; x_wconf 85' lang='lat' dir='ltr'>est?</span> <span class='ocrx_word' id='word_1_113' title='bbox 719 2253 740 2296; x_wconf 96' lang='lat' dir='ltr'>o</span> <span class='ocrx_word' id='word_1_114' title='bbox 754 2223 876 2322; x_wconf 76' lang='lat' dir='ltr'>gloria!</span> <span class='ocrx_word' id='word_1_115' title='bbox 892 2226 1042 2294; x_wconf 88' lang='lat' dir='ltr'>vincitur</span> <span class='ocrx_word' id='word_1_116' title='bbox 1056 2223 1146 2292; x_wconf 93' lang='lat' dir='ltr'>idem</span> 
     </span>
    </p>

    <p class='ocr_par' dir='ltr' id='par_1_17' title="bbox 319 2331 1356 2432">
     <span class='ocr_line' id='line_1_18' title="bbox 319 2331 1356 2432; baseline -0.004 -26"><span class='ocrx_word' id='word_1_117' title='bbox 319 2337 473 2430; x_wconf 87' lang='lat' dir='ltr'>Nempe,</span> <span class='ocrx_word' id='word_1_118' title='bbox 489 2352 522 2406; x_wconf 91' lang='lat' dir='ltr'>et</span> <span class='ocrx_word' id='word_1_119' title='bbox 538 2339 572 2407; x_wconf 90' lang='lat' dir='ltr'>in</span> <span class='ocrx_word' id='word_1_120' title='bbox 587 2337 738 2408; x_wconf 84' lang='lat' dir='ltr'><strong>exsilium</strong></span> <span class='ocrx_word' id='word_1_121' title='bbox 752 2361 901 2432; x_wconf 74' lang='lat' dir='ltr'>praeceps</span> <span class='ocrx_word' id='word_1_122' title='bbox 916 2335 1018 2430; x_wconf 81' lang='lat' dir='ltr'>lugit3</span> <span class='ocrx_word' id='word_1_123' title='bbox 1033 2347 1132 2428; x_wconf 89' lang='lat' dir='ltr'>atque</span> <span class='ocrx_word' id='word_1_124' title='bbox 1148 2331 1194 2398; x_wconf 93' lang='lat' dir='ltr'>ibi</span> <span class='ocrx_word' id='word_1_125' title='bbox 1211 2354 1356 2424; x_wconf 84' lang='lat' dir='ltr'>mugnus</span> 
     </span>
    </p>

    <p class='ocr_par' dir='ltr' id='par_1_18' title="bbox 321 2442 1392 2542">
     <span class='ocr_line' id='line_1_19' title="bbox 321 2442 1392 2542; baseline -0.001 -30"><span class='ocrx_word' id='word_1_126' title='bbox 321 2446 563 2542; x_wconf 89' lang='lat' dir='ltr'>Mirandusque</span> <span class='ocrx_word' id='word_1_127' title='bbox 581 2447 684 2518; x_wconf 90' lang='lat' dir='ltr'>cliens</span> <span class='ocrx_word' id='word_1_128' title='bbox 700 2447 795 2517; x_wconf 88' lang='lat' dir='ltr'>sedet</span> <span class='ocrx_word' id='word_1_129' title='bbox 808 2445 849 2514; x_wconf 92' lang='lat' dir='ltr'>ad</span> <span class='ocrx_word' id='word_1_130' title='bbox 865 2444 1021 2540; x_wconf 78' lang='lat' dir='ltr'>praetoria</span> <span class='ocrx_word' id='word_1_131' title='bbox 1034 2442 1137 2537; x_wconf 82' lang='lat' dir='ltr'>regis,</span> <span class='ocrx_word' id='word_1_132' title='bbox 1341 2460 1392 2511; x_wconf 74' lang='lat'>160</span> 
     </span>
    </p>
   </div>
   <div class='ocr_carea' id='block_1_3' title="bbox 318 2625 1397 3163">
    <p class='ocr_par' dir='ltr' id='par_1_19' title="bbox 318 2625 1393 2980">
     <span class='ocr_line' id='line_1_20' title="bbox 318 2625 1392 2706; baseline -0.004 -22"><span class='ocrx_word' id='word_1_133' title='bbox 318 2645 421 2704; x_wconf 87' lang='lat' dir='ltr'>nempe</span> <span class='ocrx_word' id='word_1_134' title='bbox 440 2641 474 2687; x_wconf 90' lang='lat' dir='ltr'>ut</span> <span class='ocrx_word' id='word_1_135' title='bbox 491 2633 689 2690; x_wconf 76' lang='lat' dir='ltr'>celebraretur</span> <span class='ocrx_word' id='word_1_136' title='bbox 704 2633 834 2706; x_wconf 84' lang='lat' dir='ltr'>ipsorum</span> <span class='ocrx_word' id='word_1_137' title='bbox 853 2645 961 2686; x_wconf 86' lang='lat' dir='ltr'>nomen</span> <span class='ocrx_word' id='word_1_138' title='bbox 970 2669 979 2698; x_wconf 93' lang='lat'><em>‚</em></span> <span class='ocrx_word' id='word_1_139' title='bbox 994 2637 1028 2684; x_wconf 92' lang='lat' dir='ltr'>ut</span> <span class='ocrx_word' id='word_1_140' title='bbox 1046 2627 1146 2683; x_wconf 90' lang='lat' dir='ltr'>titulos</span> <span class='ocrx_word' id='word_1_141' title='bbox 1160 2625 1392 2701; x_wconf 86' lang='lat' dir='ltr'>adipiscerentur</span> 
     </span>
     <span class='ocr_line' id='line_1_21' title="bbox 319 2716 1393 2795; baseline -0.004 -20"><span class='ocrx_word' id='word_1_142' title='bbox 319 2722 475 2794; x_wconf 84' lang='lat' dir='ltr'>sepulchris</span> <span class='ocrx_word' id='word_1_143' title='bbox 495 2723 555 2779; x_wconf 85' lang='lat' dir='ltr'><strong>suis</strong></span> <span class='ocrx_word' id='word_1_144' title='bbox 567 2721 781 2790; x_wconf 81' lang='lat' dir='ltr'>inscribendos,</span> <span class='ocrx_word' id='word_1_145' title='bbox 804 2722 835 2776; x_wconf 90' lang='lat' dir='ltr'>in</span> <span class='ocrx_word' id='word_1_146' title='bbox 854 2720 960 2795; x_wconf 90' lang='lat' dir='ltr'>quibus</span> <span class='ocrx_word' id='word_1_147' title='bbox 976 2719 1088 2776; x_wconf 88' lang='lat' dir='ltr'>cineres</span> <span class='ocrx_word' id='word_1_148' title='bbox 1102 2718 1186 2775; x_wconf 88' lang='lat' dir='ltr'>urnis</span> <span class='ocrx_word' id='word_1_149' title='bbox 1199 2716 1312 2774; x_wconf 86' lang='lat' dir='ltr'>conditi</span> <span class='ocrx_word' id='word_1_150' title='bbox 1326 2734 1393 2772; x_wconf 87' lang='lat' dir='ltr'>ser-</span> 
     </span>
     <span class='ocr_line' id='line_1_22' title="bbox 319 2805 1393 2890; baseline -0.005 -23"><span class='ocrx_word' id='word_1_151' title='bbox 319 2825 439 2884; x_wconf 62' lang='lat' dir='ltr'>vantum</span> <span class='ocrx_word' id='word_1_152' title='bbox 458 2825 486 2872; x_wconf 90' lang='lat' dir='ltr'>et</span> <span class='ocrx_word' id='word_1_153' title='bbox 499 2815 604 2890; x_wconf 84' lang='lat' dir='ltr'>quibus</span> <span class='ocrx_word' id='word_1_154' title='bbox 620 2813 797 2886; x_wconf 80' lang='lat' dir='ltr'>disjiciendis</span> <span class='ocrx_word' id='word_1_155' title='bbox 813 2813 920 2868; x_wconf 86' lang='lat' dir='ltr'>malum</span> <span class='ocrx_word' id='word_1_156' title='bbox 941 2811 1033 2868; x_wconf 88' lang='lat' dir='ltr'>robur</span> <span class='ocrx_word' id='word_1_157' title='bbox 1048 2811 1153 2868; x_wconf 87' lang='lat' dir='ltr'>sterilis</span> <span class='ocrx_word' id='word_1_158' title='bbox 1173 2809 1244 2866; x_wconf 84' lang='lat' dir='ltr'>ficus</span> <span class='ocrx_word' id='word_1_159' title='bbox 1263 2805 1393 2865; x_wconf 87' lang='lat' dir='ltr'>sufficit:</span> 
     </span>
     <span class='ocr_line' id='line_1_23' title="bbox 320 2903 1201 2980; baseline -0.003 -20"><span class='ocrx_word' id='word_1_160' title='bbox 320 2923 386 2960; x_wconf 83' lang='lat' dir='ltr'>nem</span> <span class='ocrx_word' id='word_1_161' title='bbox 403 2905 435 2961; x_wconf 90' lang='lat' dir='ltr'>in</span> <span class='ocrx_word' id='word_1_162' title='bbox 452 2906 513 2980; x_wconf 89' lang='lat' dir='ltr'>ipsa</span> <span class='ocrx_word' id='word_1_163' title='bbox 525 2923 642 2980; x_wconf 89' lang='lat' dir='ltr'>quoque</span> <span class='ocrx_word' id='word_1_164' title='bbox 653 2905 805 2980; x_wconf 88' lang='lat' dir='ltr'>sepulchra</span> <span class='ocrx_word' id='word_1_165' title='bbox 819 2923 898 2961; x_wconf 88' lang='lat' dir='ltr'>mors</span> <span class='ocrx_word' id='word_1_166' title='bbox 914 2915 943 2960; x_wconf 90' lang='lat' dir='ltr'>et</span> <span class='ocrx_word' id='word_1_167' title='bbox 956 2905 1013 2960; x_wconf 82' lang='lat' dir='ltr'><strong>fata</strong></span> <span class='ocrx_word' id='word_1_168' title='bbox 1022 2903 1069 2976; x_wconf 82' lang='lat' dir='ltr'>jus</span> <span class='ocrx_word' id='word_1_169' title='bbox 1083 2903 1201 2958; x_wconf 80' lang='lat' dir='ltr'>liabent.</span> 
     </span>
    </p>

    <p class='ocr_par' dir='ltr' id='par_1_20' title="bbox 319 2992 1397 3163">
     <span class='ocr_line' id='line_1_24' title="bbox 356 2992 1396 3073; baseline -0.005 -21"><span class='ocrx_word' id='word_1_170' title='bbox 356 3007 420 3068; x_wconf 71' lang='lat'>147.</span> <span class='ocrx_word' id='word_1_171' title='bbox 443 3001 515 3073; x_wconf 79' lang='lat' dir='ltr'>nge,</span> <span class='ocrx_word' id='word_1_172' title='bbox 529 2997 639 3054; x_wconf 87' lang='lat' dir='ltr'>cineres</span> <span class='ocrx_word' id='word_1_173' title='bbox 655 2996 824 3053; x_wconf 84' lang='lat' dir='ltr'><strong>Hannibalis</strong></span> <span class='ocrx_word' id='word_1_174' title='bbox 835 2996 966 3072; x_wconf 79' lang='lat' dir='ltr'>pondera</span> <span class='ocrx_word' id='word_1_175' title='bbox 977 3017 984 3052; x_wconf 72' lang='grc' dir='ltr'>ι</span> <span class='ocrx_word' id='word_1_176' title='bbox 997 3006 1070 3070; x_wconf 89' lang='lat' dir='ltr'>quot</span> <span class='ocrx_word' id='word_1_177' title='bbox 1080 2996 1169 3051; x_wconf 88' lang='lat' dir='ltr'>libras</span> <span class='ocrx_word' id='word_1_178' title='bbox 1179 2995 1309 3070; x_wconf 72' lang='lat' dir='ltr'>reliquia</span> <span class='ocrx_word' id='word_1_179' title='bbox 1321 2992 1396 3048; x_wconf 83' lang='lat' dir='ltr'>tenti</span> 
     </span>
     <span class='ocr_line' id='line_1_25' title="bbox 319 3084 1397 3163; baseline -0.005 -19"><span class='ocrx_word' id='word_1_180' title='bbox 319 3089 400 3146; x_wconf 90' lang='lat' dir='ltr'>ducis</span> <span class='ocrx_word' id='word_1_181' title='bbox 410 3090 559 3163; x_wconf 84' lang='lat' dir='ltr'>pendunt?</span> <span class='ocrx_word' id='word_1_182' title='bbox 570 3090 625 3146; x_wconf 91' lang='lat' dir='ltr'>Hic</span> <span class='ocrx_word' id='word_1_183' title='bbox 637 3089 687 3146; x_wconf 92' lang='lat' dir='ltr'>ille</span> <span class='ocrx_word' id='word_1_184' title='bbox 696 3100 752 3158; x_wconf 91' lang='lat' dir='ltr'>est,</span> <span class='ocrx_word' id='word_1_185' title='bbox 767 3089 813 3145; x_wconf 89' lang='lat' dir='ltr'>cui</span> <span class='ocrx_word' id='word_1_186' title='bbox 826 3087 946 3144; x_wconf 88' lang='lat' dir='ltr'>nimium</span> <span class='ocrx_word' id='word_1_187' title='bbox 955 3098 1074 3162; x_wconf 80' lang='lat' dir='ltr'><strong>angusta</strong></span> <span class='ocrx_word' id='word_1_188' title='bbox 1086 3086 1142 3142; x_wconf 83' lang='lat' dir='ltr'>tuit</span> <span class='ocrx_word' id='word_1_189' title='bbox 1153 3096 1229 3155; x_wconf 89' lang='lat' dir='ltr'>tota,</span> <span class='ocrx_word' id='word_1_190' title='bbox 1240 3103 1326 3160; x_wconf 79' lang='lat' dir='ltr'>quem</span> <span class='ocrx_word' id='word_1_191' title='bbox 1336 3084 1397 3140; x_wconf 79' lang='lat' dir='ltr'>late</span> 
     </span>
    </p>
   </div>
   <div class='ocr_carea' id='block_1_4' title="bbox 236 3179 1397 3254">
    <p class='ocr_par' dir='ltr' id='par_1_21' title="bbox 236 3179 1397 3254">
     <span class='ocr_line' id='line_1_26' title="bbox 236 3179 1397 3254; baseline -0.004 -18"><span class='ocrx_word' id='word_1_192' title='bbox 236 3203 240 3210; x_wconf 94' lang='lat'>·</span> <span class='ocrx_word' id='word_1_193' title='bbox 319 3191 398 3254; x_wconf 87' lang='lat' dir='ltr'>patet</span> <span class='ocrx_word' id='word_1_194' title='bbox 409 3181 525 3250; x_wconf 78' lang='lat' dir='ltr'>Africa,</span> <span class='ocrx_word' id='word_1_195' title='bbox 539 3180 576 3236; x_wconf 81' lang='lat' dir='ltr'>ab</span> <span class='ocrx_word' id='word_1_196' title='bbox 593 3182 774 3238; x_wconf 77' lang='lat' dir='ltr'>Mauritaniae</span> <span class='ocrx_word' id='word_1_197' title='bbox 784 3181 939 3238; x_wconf 88' lang='lat' dir='ltr'>littoribus</span> <span class='ocrx_word' id='word_1_198' title='bbox 954 3181 991 3236; x_wconf 85' lang='lat' dir='ltr'>ad</span> <span class='ocrx_word' id='word_1_199' title='bbox 1007 3179 1107 3236; x_wconf 87' lang='lat' dir='ltr'>Nilum</span> <span class='ocrx_word' id='word_1_200' title='bbox 1122 3197 1213 3253; x_wconf 81' lang='lat' dir='ltr'>usque</span> <span class='ocrx_word' id='word_1_201' title='bbox 1231 3187 1397 3252; x_wconf 87' lang='lat' dir='ltr'>tepentem,</span> 
     </span>
    </p>
   </div>
   <div class='ocr_carea' id='block_1_5' title="bbox 318 3267 1398 3534">
    <p class='ocr_par' dir='ltr' id='par_1_22' title="bbox 318 3267 1398 3534">
     <span class='ocr_line' id='line_1_27' title="bbox 320 3267 1398 3347; baseline -0.005 -21"><span class='ocrx_word' id='word_1_202' title='bbox 320 3281 349 3326; x_wconf 93' lang='lat' dir='ltr'>et</span> <span class='ocrx_word' id='word_1_203' title='bbox 359 3270 427 3328; x_wconf 86' lang='lat' dir='ltr'>lu’nc</span> <span class='ocrx_word' id='word_1_204' title='bbox 436 3271 474 3328; x_wconf 85' lang='lat' dir='ltr'>ad</span> <span class='ocrx_word' id='word_1_205' title='bbox 487 3270 641 3346; x_wconf 82' lang='lat' dir='ltr'>AEthiopiae</span> <span class='ocrx_word' id='word_1_206' title='bbox 652 3283 787 3347; x_wconf 86' lang='lat' dir='ltr'>porrecta</span> <span class='ocrx_word' id='word_1_207' title='bbox 800 3273 936 3347; x_wconf 89' lang='lat' dir='ltr'>populos,</span> <span class='ocrx_word' id='word_1_208' title='bbox 947 3271 1119 3344; x_wconf 82' lang='lat' dir='ltr'>Indiamque</span> <span class='ocrx_word' id='word_1_209' title='bbox 1130 3270 1182 3326; x_wconf 91' lang='lat' dir='ltr'>ubi</span> <span class='ocrx_word' id='word_1_210' title='bbox 1193 3279 1262 3327; x_wconf 89' lang='lat' dir='ltr'>sunt</span> <span class='ocrx_word' id='word_1_211' title='bbox 1274 3267 1398 3324; x_wconf 80' lang='lat' dir='ltr'>maximi</span> 
     </span>
     <span class='ocr_line' id='line_1_28' title="bbox 320 3363 1398 3440; baseline -0.003 -21"><span class='ocrx_word' id='word_1_212' title='bbox 320 3363 474 3438; x_wconf 73' lang='lat' dir='ltr'>elephanti.</span> <span class='ocrx_word' id='word_1_213' title='bbox 493 3367 648 3420; x_wconf 83' lang='lat' dir='ltr'>Poenonim</span> <span class='ocrx_word' id='word_1_214' title='bbox 666 3364 792 3439; x_wconf 80' lang='lat' dir='ltr'>irnperio</span> <span class='ocrx_word' id='word_1_215' title='bbox 812 3365 894 3422; x_wconf 87' lang='lat' dir='ltr'><strong>addit</strong></span> <span class='ocrx_word' id='word_1_216' title='bbox 912 3363 1079 3440; x_wconf 79' lang='lat' dir='ltr'><strong>Hispaniam</strong></span> <span class='ocrx_word' id='word_1_217' title='bbox 1092 3365 1264 3440; x_wconf 71' lang='lat' dir='ltr'>:Pyreneus</span> <span class='ocrx_word' id='word_1_218' title='bbox 1280 3371 1398 3418; x_wconf 84' lang='lat' dir='ltr'>montes</span> 
     </span>
     <span class='ocr_line' id='line_1_29' title="bbox 318 3456 1397 3534; baseline -0.001 -22"><span class='ocrx_word' id='word_1_219' title='bbox 318 3468 451 3531; x_wconf 82' lang='lat' dir='ltr'>superet:</span> <span class='ocrx_word' id='word_1_220' title='bbox 464 3456 566 3531; x_wconf 87' lang='lat' dir='ltr'>objicit</span> <span class='ocrx_word' id='word_1_221' title='bbox 580 3457 624 3513; x_wconf 89' lang='lat' dir='ltr'><strong>illi</strong></span> <span class='ocrx_word' id='word_1_222' title='bbox 637 3467 739 3514; x_wconf 82' lang='lat' dir='ltr'>natura</span> <span class='ocrx_word' id='word_1_223' title='bbox 749 3459 837 3534; x_wconf 80' lang='lat' dir='ltr'>Alpes</span> <span class='ocrx_word' id='word_1_224' title='bbox 852 3458 968 3515; x_wconf 81' lang='lat' dir='ltr'>nivibus</span> <span class='ocrx_word' id='word_1_225' title='bbox 980 3468 1131 3533; x_wconf 89' lang='lat' dir='ltr'>coopertas</span> <span class='ocrx_word' id='word_1_226' title='bbox 1144 3469 1172 3514; x_wconf 88' lang='lat' dir='ltr'>et</span> <span class='ocrx_word' id='word_1_227' title='bbox 1182 3457 1274 3512; x_wconf 84' lang='lat' dir='ltr'><strong>invias</strong></span> <span class='ocrx_word' id='word_1_228' title='bbox 1286 3477 1293 3512; x_wconf 75' lang='grc' dir='ltr'><strong>ε</strong></span> <span class='ocrx_word' id='word_1_229' title='bbox 1306 3473 1397 3530; x_wconf 83' lang='lat' dir='ltr'>rupes</span> 
     </span>
    </p>
   </div>
   <div class='ocr_carea' id='block_1_6' title="bbox 196 3549 1399 3626">
    <p class='ocr_par' dir='ltr' id='par_1_23' title="bbox 196 3549 1399 3626">
     <span class='ocr_line' id='line_1_30' title="bbox 196 3549 1399 3626; baseline -0.002 -20"><span class='ocrx_word' id='word_1_230' title='bbox 196 3563 203 3580; x_wconf 67' lang='lat'>³</span> <span class='ocrx_word' id='word_1_231' title='bbox 317 3550 742 3625; x_wconf 83' lang='lat' dir='ltr'>acetodiridit,montibusque</span> <span class='ocrx_word' id='word_1_232' title='bbox 750 3551 890 3626; x_wconf 79' lang='lat' dir='ltr'>dismptis</span> <span class='ocrx_word' id='word_1_233' title='bbox 900 3550 1013 3606; x_wconf 81' lang='lat' dir='ltr'>Italiam</span> <span class='ocrx_word' id='word_1_234' title='bbox 1022 3561 1153 3624; x_wconf 81' lang='lat' dir='ltr'>occupat.</span> <span class='ocrx_word' id='word_1_235' title='bbox 1164 3552 1232 3606; x_wconf 87' lang='lat' dir='ltr'>Non</span> <span class='ocrx_word' id='word_1_236' title='bbox 1241 3549 1289 3604; x_wconf 89' lang='lat' dir='ltr'>hic</span> <span class='ocrx_word' id='word_1_237' title='bbox 1299 3559 1399 3604; x_wconf 82' lang='lat' dir='ltr'>tamen</span> 
     </span>
    </p>
   </div>
   <div class='ocr_carea' id='block_1_7' title="bbox 317 3629 1399 4272">
    <p class='ocr_par' dir='ltr' id='par_1_24' title="bbox 317 3629 1399 4272">
     <span class='ocr_line' id='line_1_31' title="bbox 317 3629 1399 3720; baseline -0.003 -22"><span class='ocrx_word' id='word_1_238' title='bbox 317 3643 391 3700; x_wconf 84' lang='lat' dir='ltr'>sistit</span> <span class='ocrx_word' id='word_1_239' title='bbox 401 3629 409 3699; x_wconf 73' lang='lat' dir='ltr'><strong>i</strong></span> <span class='ocrx_word' id='word_1_240' title='bbox 418 3646 539 3714; x_wconf 79' lang='lat' dir='ltr'>Parum,</span> <span class='ocrx_word' id='word_1_241' title='bbox 550 3643 660 3720; x_wconf 87' lang='lat' dir='ltr'>inquit,</span> <span class='ocrx_word' id='word_1_242' title='bbox 672 3644 889 3718; x_wconf 85' lang='lat' dir='ltr'>promovimus,</span> <span class='ocrx_word' id='word_1_243' title='bbox 901 3642 975 3699; x_wconf 90' lang='lat' dir='ltr'>nihil</span> <span class='ocrx_word' id='word_1_244' title='bbox 987 3642 1116 3719; x_wconf 78' lang='lat' dir='ltr'>egimus,</span> <span class='ocrx_word' id='word_1_245' title='bbox 1128 3641 1184 3699; x_wconf 86' lang='lat' dir='ltr'>uisi</span> <span class='ocrx_word' id='word_1_246' title='bbox 1201 3643 1302 3698; x_wconf 82' lang='lat' dir='ltr'>Romae</span> <span class='ocrx_word' id='word_1_247' title='bbox 1312 3640 1399 3696; x_wconf 78' lang='lat' dir='ltr'>sran-</span> 
     </span>
     <span class='ocr_line' id='line_1_32' title="bbox 317 3732 1399 3811; baseline -0.002 -21"><span class='ocrx_word' id='word_1_248' title='bbox 317 3735 412 3811; x_wconf 76' lang='lat' dir='ltr'>girnus</span> <span class='ocrx_word' id='word_1_249' title='bbox 421 3747 535 3808; x_wconf 87' lang='lat' dir='ltr'>portas,</span> <span class='ocrx_word' id='word_1_250' title='bbox 552 3747 581 3792; x_wconf 93' lang='lat' dir='ltr'>et</span> <span class='ocrx_word' id='word_1_251' title='bbox 594 3735 700 3792; x_wconf 86' lang='lat' dir='ltr'>Punica</span> <span class='ocrx_word' id='word_1_252' title='bbox 713 3735 818 3792; x_wconf 80' lang='lat' dir='ltr'>vexilla</span> <span class='ocrx_word' id='word_1_253' title='bbox 830 3735 860 3791; x_wconf 86' lang='lat' dir='ltr'>in</span> <span class='ocrx_word' id='word_1_254' title='bbox 872 3735 972 3792; x_wconf 88' lang='lat' dir='ltr'>medio</span> <span class='ocrx_word' id='word_1_255' title='bbox 980 3734 1061 3791; x_wconf 89' lang='lat' dir='ltr'>urbis</span> <span class='ocrx_word' id='word_1_256' title='bbox 1074 3736 1141 3791; x_wconf 85' lang='lat' dir='ltr'>foro</span> <span class='ocrx_word' id='word_1_257' title='bbox 1154 3734 1281 3792; x_wconf 78' lang='lat' dir='ltr'>victores</span> <span class='ocrx_word' id='word_1_258' title='bbox 1292 3732 1399 3809; x_wconf 81' lang='lat' dir='ltr'>defigi-</span> 
     </span>
     <span class='ocr_line' id='line_1_33' title="bbox 317 3825 1398 3904; baseline 0 -22"><span class='ocrx_word' id='word_1_259' title='bbox 317 3845 389 3882; x_wconf 87' lang='lat' dir='ltr'>mus.</span> <span class='ocrx_word' id='word_1_260' title='bbox 408 3827 434 3882; x_wconf 92' lang='lat'>0</span> <span class='ocrx_word' id='word_1_261' title='bbox 454 3826 556 3884; x_wconf 79' lang='lat' dir='ltr'>faciem</span> <span class='ocrx_word' id='word_1_262' title='bbox 571 3827 771 3901; x_wconf 81' lang='lat' dir='ltr'>spectandam!</span> <span class='ocrx_word' id='word_1_263' title='bbox 794 3847 813 3884; x_wconf 93' lang='lat' dir='ltr'>o</span> <span class='ocrx_word' id='word_1_264' title='bbox 834 3827 956 3904; x_wconf 80' lang='lat' dir='ltr'>dignum</span> <span class='ocrx_word' id='word_1_265' title='bbox 979 3827 1030 3902; x_wconf 89' lang='lat' dir='ltr'>qui</span> <span class='ocrx_word' id='word_1_266' title='bbox 1049 3826 1221 3902; x_wconf 83' lang='lat' dir='ltr'>pingeretur</span> <span class='ocrx_word' id='word_1_267' title='bbox 1241 3825 1398 3882; x_wconf 82' lang='lat' dir='ltr'><strong>Annibalis</strong></span> 
     </span>
     <span class='ocr_line' id='line_1_34' title="bbox 318 3916 1398 3993; baseline -0.001 -20"><span class='ocrx_word' id='word_1_268' title='bbox 318 3917 444 3986; x_wconf 89' lang='lat' dir='ltr'>coclitis,</span> <span class='ocrx_word' id='word_1_269' title='bbox 459 3919 571 3974; x_wconf 85' lang='lat' dir='ltr'>Gaetulo</span> <span class='ocrx_word' id='word_1_270' title='bbox 586 3919 742 3993; x_wconf 86' lang='lat' dir='ltr'>elephanto</span> <span class='ocrx_word' id='word_1_271' title='bbox 754 3919 919 3990; x_wconf 84' lang='lat' dir='ltr'>insidentis,</span> <span class='ocrx_word' id='word_1_272' title='bbox 933 3918 1065 3975; x_wconf 80' lang='lat' dir='ltr'>vultum?</span> <span class='ocrx_word' id='word_1_273' title='bbox 1077 3919 1145 3987; x_wconf 90' lang='lat' dir='ltr'>Quo</span> <span class='ocrx_word' id='word_1_274' title='bbox 1156 3916 1274 3974; x_wconf 89' lang='lat' dir='ltr'>demum</span> <span class='ocrx_word' id='word_1_275' title='bbox 1289 3916 1398 3974; x_wconf 86' lang='lat' dir='ltr'>evadet</span> 
     </span>
     <span class='ocr_line' id='line_1_35' title="bbox 317 4007 1393 4084; baseline 0.003 -21"><span class='ocrx_word' id='word_1_276' title='bbox 317 4009 363 4064; x_wconf 84' lang='lat' dir='ltr'>vir</span> <span class='ocrx_word' id='word_1_277' title='bbox 380 4009 494 4066; x_wconf 79' lang='lat' dir='ltr'>tantus?</span> <span class='ocrx_word' id='word_1_278' title='bbox 510 4029 570 4084; x_wconf 89' lang='lat' dir='ltr'>quo</span> <span class='ocrx_word' id='word_1_279' title='bbox 586 4009 716 4066; x_wconf 86' lang='lat' dir='ltr'>recident</span> <span class='ocrx_word' id='word_1_280' title='bbox 728 4022 774 4067; x_wconf 93' lang='lat' dir='ltr'>tot</span> <span class='ocrx_word' id='word_1_281' title='bbox 790 4012 923 4082; x_wconf 84' lang='lat' dir='ltr'>consilia,</span> <span class='ocrx_word' id='word_1_282' title='bbox 944 4020 988 4067; x_wconf 93' lang='lat' dir='ltr'>tot</span> <span class='ocrx_word' id='word_1_283' title='bbox 1004 4007 1114 4084; x_wconf 72' lang='lat' dir='ltr'>praelia,</span> <span class='ocrx_word' id='word_1_284' title='bbox 1135 4019 1181 4063; x_wconf 91' lang='lat' dir='ltr'>tnt</span> <span class='ocrx_word' id='word_1_285' title='bbox 1192 4009 1342 4066; x_wconf 67' lang='lat' dir='ltr'>victorie?</span> <span class='ocrx_word' id='word_1_286' title='bbox 1363 4011 1393 4066; x_wconf 93' lang='grc' dir='ltr'>Ο</span> 
     </span>
     <span class='ocr_line' id='line_1_36' title="bbox 317 4100 1394 4178; baseline 0 -22"><span class='ocrx_word' id='word_1_287' title='bbox 317 4102 448 4156; x_wconf 84' lang='lat' dir='ltr'>humanae</span> <span class='ocrx_word' id='word_1_288' title='bbox 466 4102 566 4178; x_wconf 81' lang='lat' dir='ltr'>gloriae</span> <span class='ocrx_word' id='word_1_289' title='bbox 587 4101 757 4160; x_wconf 80' lang='lat' dir='ltr'>vanitatem!</span> <span class='ocrx_word' id='word_1_290' title='bbox 774 4105 855 4161; x_wconf 89' lang='lat' dir='ltr'>Idem</span> <span class='ocrx_word' id='word_1_291' title='bbox 872 4103 921 4160; x_wconf 91' lang='lat' dir='ltr'>ille</span> <span class='ocrx_word' id='word_1_292' title='bbox 943 4103 995 4176; x_wconf 90' lang='lat' dir='ltr'>qui</span> <span class='ocrx_word' id='word_1_293' title='bbox 1008 4103 1108 4158; x_wconf 81' lang='lat' dir='ltr'>Romae</span> <span class='ocrx_word' id='word_1_294' title='bbox 1123 4100 1182 4174; x_wconf 81' lang='lat' dir='ltr'>jam</span> <span class='ocrx_word' id='word_1_295' title='bbox 1201 4101 1394 4170; x_wconf 87' lang='lat' dir='ltr'>imminebat,</span> 
     </span>
     <span class='ocr_line' id='line_1_37' title="bbox 318 4191 1395 4272; baseline -0.001 -24"><span class='ocrx_word' id='word_1_296' title='bbox 318 4193 456 4270; x_wconf 81' lang='lat' dir='ltr'>vincitur,</span> <span class='ocrx_word' id='word_1_297' title='bbox 470 4193 560 4272; x_wconf 79' lang='lat' dir='ltr'>fugit,</span> <span class='ocrx_word' id='word_1_298' title='bbox 576 4195 695 4271; x_wconf 88' lang='lat' dir='ltr'>pellitur</span> <span class='ocrx_word' id='word_1_299' title='bbox 709 4195 741 4250; x_wconf 90' lang='lat' dir='ltr'>in</span> <span class='ocrx_word' id='word_1_300' title='bbox 753 4195 899 4264; x_wconf 73' lang='lat' dir='ltr'>exsilium,</span> <span class='ocrx_word' id='word_1_301' title='bbox 912 4205 941 4250; x_wconf 92' lang='lat' dir='ltr'>et</span> <span class='ocrx_word' id='word_1_302' title='bbox 956 4193 993 4250; x_wconf 83' lang='lat' dir='ltr'>ad</span> <span class='ocrx_word' id='word_1_303' title='bbox 1008 4191 1100 4268; x_wconf 85' lang='lat' dir='ltr'>regias</span> <span class='ocrx_word' id='word_1_304' title='bbox 1113 4191 1190 4248; x_wconf 80' lang='lat' dir='ltr'>sores</span> <span class='ocrx_word' id='word_1_305' title='bbox 1203 4211 1325 4270; x_wconf 80' lang='lat' dir='ltr'>magnus</span> <span class='ocrx_word' id='word_1_306' title='bbox 1335 4192 1395 4248; x_wconf 87' lang='lat' dir='ltr'>mi-</span> 
     </span>
    </p>
   </div>
   <div class='ocr_carea' id='block_1_8' title="bbox 0 0 1542 4990">
    <p class='ocr_par' dir='ltr' id='par_1_25' title="bbox 0 0 1542 4990">
     <span class='ocr_line' id='line_1_38' title="bbox 0 0 1542 4990; baseline 0 0"><span class='ocrx_word' id='word_1_307' title='bbox 0 0 1542 4990; x_wconf 95' lang='lat' dir='ltr'> </span> 
     </span>
    </p>
   </div>
  </div>
 </body>
</html>
