2992 4984
318 439 489 507 sarrai
513 441 704 508 nncrnn
727 447 925 528 Qunam.
1087 453 1148 518 305

83 553 222 620 Gratum
244 570 310 642 est,
333 556 423 650 quod
439 557 556 650 patriae
573 557 679 627 civem
697 561 892 658 populoque
911 565 1048 655 dedisti,
1120 603 1154 656 70

82 665 113 733 Si
126 663 225 750 facis,
244 680 284 734 ut
300 667 415 761 patriae
429 669 471 736 sit
485 665 645 754 idoneus,
663 667 752 740 utilis
766 675 871 768 agris,

81 772 174 844 Utilis
194 792 230 845 et
248 775 414 850 bellorum
434 793 467 847 et
486 781 577 872 pacis
597 781 694 850 rebus
714 782 860 876 agendis.

77 883 262 955 Plurimum
271 888 362 956 enirn
371 890 537 975 intererit,
548 891 670 984 quibus
681 893 824 980 artibus,
837 909 870 962 et
878 891 1002 989 quibus
1011 897 1104 969 hunc
1115 915 1153 969 tu

77 997 230 1066 Moribus
247 999 426 1068 instituas:
446 1015 602 1095 serpente
616 1002 745 1071 ciconia
762 1001 873 1098 pullos

77 1106 208 1192 Nutrit,
229 1123 264 1178 et
279 1109 417 1177 inventa
436 1135 496 1204 per
513 1108 610 1180 devia
630 1137 708 1180 rura
727 1111 876 1184 lacerta:
1119 1135 1153 1204 7⁵

76 1214 125 1284 llli
138 1217 256 1287 eadem
273 1219 390 1288 sumtis
402 1235 559 1313 quaerunt
573 1220 728 1289 animalia
741 1224 863 1316 pinnis.

76 1324 205 1413 Vultur,
217 1328 375 1422 jumento
389 1343 423 1398 et
436 1314 811 1424 canibus'crucibusque
829 1331 966 1422 relictis,

75 1435 123 1504 rld
140 1437 230 1508 fetus
249 1455 428 1534 properat,
448 1454 647 1535 partemque
666 1439 835 1509 cadaveris
850 1442 959 1514 affert.

74 1547 132 1616 Hic
145 1563 197 1618 est
209 1575 291 1645 ergo
305 1549 399 1619 cibus
413 1550 526 1642 rnagni
539 1571 675 1643 quoque
687 1549 830 1620 vulturis
844 1568 878 1621 et
892 1579 927 1623 se

75 1658 255 1746 Pascentis,
269 1660 410 1755 propria
422 1683 527 1754 quum
539 1659 609 1753 jam
626 1657 708 1729 facit
720 1660 841 1730 arbore
857 1663 966 1734 nidos.
1116 1685 1151 1735 80

75 1765 132 1836 Sed
146 1766 298 1862 leporem
309 1783 366 1838 aut
379 1793 532 1864 capream
545 1767 679 1838 famulae
692 1771 712 1837 J
714 1772 787 1839 ovis
802 1785 835 1840 et
848 1797 1017 1868 generosae

75 1882 111 1946 In
127 1876 214 1949 saltu
230 1895 400 1949 venantur
413 1903 489 1948 aves
506 1906 514 1946 z
535 1879 617 1948 hinc
632 1879 743 1972 praeda
760 1879 863 1949 cubili
912 1951 915 1960 ,

76 1988 231 2074 Ponitur;
251 1987 330 2057 inde
348 2001 480 2073 autem,
500 2013 605 2081 quum
621 2011 656 2058 se
672 2003 803 2057 matura
818 1989 936 2061 levarit

77 2097 267 2194 Progenies,
286 2096 477 2166 stimulante
491 2095 597 2182 farne,
617 2095 755 2164 festinat
772 2097 814 2164 ad
830 2097 937 2186 illarn,

76 2206 179 2294 Quam
195 2208 343 2302 primurn
358 2203 504 2300 praedam
520 2220 621 2300 rupto
635 2219 825 2300 gustaverat
842 2230 918 2277 ovo.
1113 2229 1148 2281 85

119 2317 316 2388 AEdillcator
327 2331 399 2386 erat
413 2317 613 2403 Cetronius,
629 2331 662 2383 et
681 2313 782 2384 modo
799 2339 904 2383 curvo

77 2429 187 2501 Litore
202 2432 339 2517 Caietae,
358 2452 487 2498 summa
503 2451 596 2496 nunc
609 2425 743 2494 Tiburis
759 2448 851 2510 arce,

76 2665 145 2722 vitiis
157 2675 303 2723 carentem
321 2665 440 2722 domum
457 2675 536 2720 tuam
551 2661 627 2719 filius
645 2660 797 2737 adspiciatl
812 2655 914 2717 Patriae
931 2670 959 2717 et
976 2659 1140 2736 reipublicae

76 2758 173 2831 placet,
191 2756 266 2815 bene
289 2769 347 2829 est,
368 2755 449 2832 quod
467 2756 494 2814 ei
510 2755 603 2812 civem
622 2743 793 2825 donaveris3
813 2755 903 2810 modo
923 2765 1018 2811 tamen
1035 2752 1141 2812 efficias

77 2849 235 2908 educatione
246 2851 354 2926 proba,
368 2861 401 2907 ut
411 2848 577 2924 reipublicae
587 2847 625 2904 sit
633 2845 724 2918 utilis,
739 2865 772 2903 ac
782 2846 830 2902 vel
844 2845 974 2904 colendis
986 2845 1076 2921 agris,
1093 2847 1141 2904 vcl

79 2943 223 3000 tractandis
228 2942 308 3017 pacis
315 2942 422 3000 bellive
435 2941 545 2998 artibus
556 2941 679 2997 idoneus
690 2941 816 2996 exsistat.
833 2938 881 2995 Ad
891 2938 966 2993 banc
977 2956 1038 2993 rem
1047 2954 1139 3013 porro

77 3035 150 3093 valde
160 3035 265 3094 referet
275 3033 380 3110 quibus
390 3031 472 3091 illum
485 3043 518 3088 tu
527 3031 687 3107 disciplinis
694 3030 859 3107 quibusque
871 3029 1008 3087 institutis
1021 3030 1137 3090 formes.

76 3127 163 3184 Pullos
177 3125 322 3204 anguibus
340 3128 421 3184 alunt
448 3145 481 3182 ac
504 3123 684 3182 stellionibus
711 3141 765 3197 per
784 3123 884 3181 devios
905 3140 990 3196 agros
1015 3125 1138 3199 repertis

77 3219 202 3276 ciconiae:
217 3219 275 3290 illi,
293 3238 385 3295 quum
399 3217 451 3276 alis
469 3215 604 3274 instructi
622 3215 746 3286 fuerint,
767 3213 900 3272 eumdem
913 3207 1012 3270 cibum
1028 3218 1138 3289 quaeri-

76 3317 137 3367 tant.
152 3313 290 3369 Vultur-es
308 3310 419 3387 abJ'ecta
435 3310 465 3366 in
482 3309 559 3387 agris
576 3327 719 3383 equorum
735 3319 765 3364 et
779 3326 899 3378 canum,
918 3318 968 3364 aut
985 3308 1138 3367 hominum

76 3419 196 3478 suspensa
211 3421 227 3460 e
242 3403 380 3478 patibulis
395 3401 535 3460 cadavera
548 3399 671 3472 laniant,
687 3418 719 3457 ac
733 3401 824 3457 frusta
837 3401 923 3475 pullis
937 3400 1092 3475 deportant
1106 3403 1137 3459 in

75 3493 149 3551 nidos
168 3517 175 3552 ε
193 3495 275 3552 illinc
300 3495 390 3573 igitur
414 3512 532 3571 quoque
556 3494 687 3554 vultures
707 3493 817 3552 victum
836 3505 1022 3568 comparant,
1045 3515 1135 3570 quum

74 3587 185 3662 granta
205 3605 339 3658 evasere,
359 3586 464 3661 etjam
482 3603 535 3662 per
558 3606 587 3645 se
610 3587 684 3664 pasti
706 3587 791 3645 nidos
815 3587 846 3643 in
870 3587 976 3643 arbore
996 3589 1135 3661 peculiari

74 3690 220 3738 exstruant.
239 3683 281 3735 At
291 3677 373 3735 Jovis
385 3676 512 3734 ministri
525 3677 605 3737 alites
618 3679 739 3754 aquilae,
758 3691 786 3735 et
799 3695 865 3734 aves
882 3676 944 3732 aliae
958 3676 1134 3751 nobiliores,

8 3755 9 3772 ¹
74 3773 243 3830 renationem
259 3789 314 3847 per
335 3787 456 3827 nemora
480 3783 634 3843 exercent,
655 3773 828 3847 leporesque
849 3779 898 3826 aut
918 3785 1033 3842 capreas
1055 3772 1134 3828 exci-

73 3866 152 3938 piant,
162 3863 471 3943 quasinleruntnidis5
483 3865 614 3941 equibus
624 3883 715 3942 quum
724 3861 1027 3938 evolavitadpraedam
1037 3864 1135 3924 adulta

8 3965 9 3999 t
73 3955 184 4030 soboles,
195 3960 301 4018 tamem
316 3958 514 4016 stimulantem
524 3959 573 4015 illa
585 3959 646 4035 ipsa
657 3957 730 4033 dape
741 3956 837 4027 sedat,
849 3972 935 4028 quarn
944 3953 1028 4010 initio
1038 3969 1133 4032 gusta·

8 4037 9 4048 ¹
73 4049 122 4121 rit,
132 4071 215 4129 quum
228 4072 265 4111 ex
276 4070 335 4110 ovo
346 4051 474 4128 primum
485 4054 599 4109 exclusa
611 4062 661 4110 est.

105 4141 150 4201 86.
168 4143 322 4203 AEdilicare
334 4144 489 4202 Cetronius
500 4146 627 4217 amabat,
636 4155 665 4201 et
673 4163 749 4200 nunc
761 4141 789 4197 in
803 4141 939 4198 Caietano
948 4140 1133 4213 litore‚unnc

8 4205 9 4276 l
73 4232 219 4296 incollibus
235 4237 413 4310 Tiburtinis,
426 4250 475 4296 aut
485 4239 515 4294 in
529 4236 709 4296 Praenestinis
720 4235 866 4291 montibus
877 4233 958 4289 villas
966 4237 1132 4293 exstruebat

143 4329 186 4394 ll.
952 4346 991 4386 20
