3074 4990
316 463 358 528 58
609 469 647 531 Ι).
669 467 797 531 JUNII
820 468 1079 534 JUVENALIS

314 577 368 646 Ad
386 603 544 673 generum
561 582 693 651 Cereris
711 582 783 649 sine
802 581 891 650 caede
907 597 940 650 et
957 582 1095 652 vulnere
1113 583 1212 678 pauci

314 689 531 759 Descendunt
548 716 659 786 reges,
679 705 713 759 et
731 693 820 760 sicca
836 708 945 762 morte
961 695 1108 786 tyranni.

361 798 543 894 Eloquium
559 826 598 870 ac
614 800 738 870 famam
752 802 1003 888 Demosthenis,
1020 818 1078 871 ant
1090 801 1262 873 Ciceronis

314 909 440 1003 Incipit
457 925 590 1004 optare,
607 925 642 978 et
652 911 731 978 totis
742 911 1010 1004 Quinquatribus
1025 927 1133 1005 optat,
1334 923 1384 972 11⁵

312 1019 477 1113 Quisquis
494 1019 606 1088 adhuc
619 1044 689 1087 uno
703 1034 834 1116 partam
850 1018 932 1088 colit
944 1043 1015 1089 asse
1028 1022 1236 1103 Minervam,

311 1128 423 1215 Quem
438 1130 590 1223 sequitur
604 1143 715 1198 custos
731 1145 880 1224 angustae
898 1131 1038 1200 vernula
1053 1156 1170 1227 capsae.

310 1235 455 1332 Eloquio
471 1239 528 1308 sed
545 1253 685 1333 uterque
699 1239 787 1333 perit
801 1257 936 1328 orator;
952 1257 1133 1336 utrumque

312 1350 443 1442 Largus
456 1365 491 1417 et
502 1350 673 1419 exundans
687 1347 756 1418 leto
771 1349 864 1418 dedit
878 1352 1002 1444 ingenii
1017 1351 1104 1422 fons.

312 1459 456 1551 Ingenio
471 1459 588 1528 manus
601 1474 650 1529 est
664 1474 697 1528 et
712 1460 825 1527 cervix
838 1485 939 1549 caesa,
957 1485 1019 1528 nec
1035 1484 1185 1554 unquam
1336 1489 1387 1524 120

311 1569 484 1662 Sanguine
502 1569 678 1639 caussidici
694 1569 900 1639 maduerunt
914 1585 1021 1640 rostra
1034 1568 1155 1664 pusilli.

310 1681 370 1747 «Ο
386 1679 592 1748 fortunatam
607 1695 719 1748 natam
734 1705 789 1748 me
805 1679 942 1750 consule
957 1676 1117 1749 Romam!
1132 1708 1149 1742 »

309 1789 438 1858 Antoni
454 1788 581 1884 gladios
597 1793 709 1885 potuit
724 1806 959 1877 contemnere,
972 1791 998 1858 si
1013 1791 1060 1859 sic

311 1901 434 1968 Omnia
448 1898 597 1970 dixisset!
615 1900 754 1970 ridenda
768 1915 922 1994 poemata
937 1899 1042 1985 malo,

311 2010 423 2097 Quam
434 2023 467 2076 te
483 2009 690 2103 conspicuae,
704 2009 817 2077 divina
831 2007 1034 2102 Philippica,
1050 2008 1165 2092 famae,
1332 2017 1384 2068 12⁵

311 2117 466 2187 Volveris
480 2143 500 2186 a
514 2120 622 2214 prima
638 2144 712 2214 quae
727 2119 889 2214 proxima.
904 2120 1019 2187 saevus
1033 2132 1066 2186 et
1082 2116 1175 2185 illum

311 2227 429 2298 Exitus
446 2229 586 2324 eripuit,
607 2255 706 2325 quem
723 2230 931 2298 mirabantur
948 2228 1088 2296 Atltenae

293 2402 459 2510 ¹iungatur,
475 2446 506 2492 et
519 2437 665 2511 placidus,
682 2439 744 2494 sine
757 2437 834 2493 caede
848 2446 877 2492 et
891 2435 1052 2511 pugionum
1069 2398 1186 2500 ictibus,
1200 2432 1237 2487 ad
1251 2429 1387 2487 Plutonis

312 2543 402 2602 regna
416 2527 588 2584 descendat?
603 2529 687 2602 pauci
701 2527 867 2583 admodum.

354 2629 419 2688 ιιι..
441 2622 597 2688 Puerulus,
611 2621 662 2693 qui
677 2603 779 2694 exigua
796 2618 928 2674 mercede
943 2617 1082 2691 magistro
1099 2615 1264 2690 persoluta,
1282 2613 1388 2688 primis

313 2710 457 2766 bonarum
470 2711 576 2766 artium
589 2710 760 2766 rudimentis
773 2709 924 2777 imbuitur,
937 2709 988 2783 qui
997 2707 1100 2764 ludum
1111 2707 1286 2763 litterarium
1297 2705 1387 2780 petit,

313 2821 373 2858 uno
395 2802 511 2860 servulo
530 2813 679 2878 angustam
698 2801 854 2872 cistellam,
878 2802 982 2875 inqua
1002 2799 1061 2873 ejus
1081 2801 1148 2856 libri
1166 2811 1252 2869 sunt,
1273 2800 1389 2855 ferente

313 2894 482 2964 comitatus,
498 2896 558 2968 jam
575 2905 637 2950 tum
651 2873 760 2970 expetit
778 2894 972 2970 eloquentiam
987 2896 1150 2967 famamque
1165 2893 1390 2963 Demosthenis,

313 2998 363 3044 aut
376 2987 477 3056 Tullii,
494 3007 547 3043 nec
560 2987 615 3043 alia
629 2987 697 3044 totis
711 2988 934 3062 quinquatribus
947 2998 1016 3042 vota
1031 2985 1166 3059 concipit.
1182 2985 1242 3041 Sed
1258 2988 1389 3042 Demos-

314 3079 393 3135 tlteni
403 3078 512 3153 pariter
522 3098 556 3134 ac
566 3079 663 3134 Tullio
675 3090 704 3135 et
716 3080 826 3136 funesta
841 3091 870 3136 et
880 3079 1001 3135 exitialis
1011 3078 1174 3153 eloquentia
1186 3076 1256 3148 iuit3
1268 3089 1389 3134 utrum-

314 3189 371 3245 que
386 3169 495 3245 ingenii
510 3169 578 3226 felix
592 3171 709 3227 ubertas
723 3182 752 3228 et
765 3173 847 3246 copia
861 3171 977 3228 dicendi
988 3173 1067 3228 letho
1080 3171 1210 3238 tradidit.
1234 3172 1391 3247 ingenium

314 3273 451 3337 praestans
465 3261 575 3318 exstitit
587 3262 618 3318 in
636 3282 748 3332 caussa,
763 3281 816 3319 cur
826 3263 960 3320 Ciceroni
971 3277 1088 3322 mortuo
1100 3263 1352 3337 caputabsoissum
1362 3277 1393 3322 et

315 3357 419 3414 dextra
435 3373 536 3410 manus
552 3353 653 3425 inerit;
668 3375 721 3412 nec
735 3366 828 3412 rostra
846 3375 972 3430 unquam
984 3356 1100 3430 patroni
1114 3355 1270 3412 mediocris
1281 3375 1392 3414 rmore

315 3461 382 3508 aunt
397 3449 517 3504 imbuta.
540 3450 566 3505 O
576 3447 765 3520 fortunatam
783 3461 885 3504 natam
905 3469 951 3505 me
968 3451 1083 3504 consule
1103 3451 1246 3504 Romam!
1262 3451 1294 3506 Si
1314 3451 1391 3508 nihil

315 3542 433 3600 dixisset
449 3541 566 3610 Cicero,
582 3539 628 3596 vel
645 3541 803 3615 scripsisset
820 3541 977 3615 elegantius
989 3541 1046 3595 boc
1059 3558 1112 3596 suo
1124 3558 1224 3609 versu,
1243 3541 1317 3596 nihil
1335 3543 1392 3600 ha-

314 3635 424 3690 buisset
432 3635 574 3707 profecto,
582 3633 790 3707 quodAntonii
798 3633 996 3690 crudelitatem
1005 3642 1035 3688 et
1042 3651 1121 3688 arma
1128 3631 1307 3690 formidaret.
1314 3637 1392 3692 Mihi

315 3743 387 3782 vero
403 3725 493 3801 magis
507 3743 562 3802 pro
576 3725 665 3782 salute
677 3726 791 3798 placent
807 3725 903 3799 inepta
915 3725 1058 3799 ejusmodi
1070 3723 1195 3780 carmina
1204 3765 1212 3794 ,
1221 3743 1309 3799 quam
1321 3729 1393 3784 Phi-

315 3819 420 3894 lippica
433 3817 560 3890 ejusdem
576 3817 665 3873 Tullii
679 3817 791 3888 divina,
806 3837 869 3892 quae
884 3829 951 3894 post
968 3817 1090 3894 primam
1102 3818 1237 3890 proxime
1251 3839 1392 3894 pronun-

317 3912 402 3981 ciata,
415 3921 525 3966 tantum
537 3909 592 3985 ipsi
603 3909 702 3985 gloriae
717 3910 903 3985 comparavit.
919 3913 979 3968 Nec
994 3910 1089 3968 minus
1106 3910 1218 3966 crudeli
1229 3913 1393 3974 exstinctus

318 4016 360 4061 est
370 4003 450 4060 letho
466 4003 531 4074 ille,
548 4021 634 4077 quem
653 4001 743 4058 instar
755 4002 891 4060 torrentis
902 4011 1100 4077 perorantem,
1118 4012 1146 4057 et
1164 4005 1268 4075 populi
1280 4023 1392 4080 magno

316 4113 439 4152 numero
463 4095 499 4151 ad
522 4091 588 4151 errin
610 4092 786 4150 audiendum
810 4092 1008 4150 concurrentis
1032 4091 1142 4148 animos
1165 4093 1247 4148 velut
1276 4094 1393 4168 injectis

316 4189 418 4261 irenis,
438 4209 497 4266 quo
515 4189 621 4260 vellet,
639 4188 808 4257 ducentem,
826 4185 904 4242 unde
918 4185 1020 4254 vellet,
1041 4182 1249 4256 abducentem,
1268 4189 1395 4246 Athcnae
