3042 4984
549 599 782 688 SATIRAE
813 598 1071 688 DECIMAE
1102 597 1304 690 SEXTAE

770 765 1086 822 ARGUMENTUM.

639 975 734 1024 Militiae
745 993 825 1026 ruorcs
839 986 864 1026 et
877 978 1005 1027 contunde
1020 993 1108 1044 magna
1121 978 1208 1028 ridete.

902 1063 950 1112 Seu

638 1141 735 1194 Milton
744 1161 825 1196 mores
835 1155 859 1194 et
869 1146 1000 1197 commoda
1012 1146 1209 1197 dinumerantur.

394 1305 513 1342 1111.ῐῖῐᾶ
527 1304 701 1344 remmota.
716 1320 749 1329 -
762 1308 800 1342 nt
818 1305 980 1342 enatemus
993 1301 1135 1340 uturum.
1149 1315 1185 1326 -·
1201 1301 1237 1338 D!
1249 1299 1417 1336 casrmttsus.

584 1401 620 1412 ···
632 1389 670 1425 AD
684 1387 805 1426 GALLW(
819 1391 856 1426 DE
869 1389 994 1426 utum.
1007 1401 1041 1412 -
1053 1388 1090 1423 ΒΕ
1102 1386 1262 1422 minutus.

429 1601 635 1659 Conditionem
655 1599 780 1658 militnm
800 1599 899 1657 multis
913 1599 1048 1674 partibus
1063 1597 1234 1668 meliorem,
1258 1617 1334 1674 (pau
1351 1617 1417 1674 paga-

389 1711 508 1764 norum,
523 1711 585 1751 esse
599 1693 764 1752 ostenditur
777 1689 830 1770 (ra.
850 1691 957 1772 1-16)
970 1689 1023 1770 (a).
1041 1691 1123 1766 quod
1136 1691 1181 1746 illi
1193 1691 1230 1747 ab
1245 1691 1287 1747 his
1298 1709 1349 1746 non
1359 1691 1417 1748 facile

386 1785 474 1842 ullam
484 1785 624 1861 accipiant
638 1783 773 1860 injuriam
790 1803 909 1861 esrnqne
923 1785 1039 1860 impunc
1054 1783 1089 1839 iis
1101 1783 1211 1840 inferre
1225 1783 1341 1860 possint,
1351 1802 1417 1858 quun

384 1876 521 1952 proprios
533 1877 657 1934 habeant
669 1875 797 1952 judiees,
810 1887 839 1935 et
854 1879 916 1955 lege
932 1875 1044 1933 Camilli
1057 1887 1140 1936 extra
1155 1877 1261 1934 vallum
1275 1876 1371 1952 litigare
1381 1893 1416 1930 re·

384 1980 491 2043 tantur,
506 1969 717 2030 commilitones
730 1981 825 2034 autern
838 1989 898 2028 non
911 1969 1001 2028 modo
1014 1989 1095 2028 reum
1108 1989 1163 2044 per
1176 1969 1218 2027 ias
1227 1989 1257 2026 ee
1268 1969 1337 2026 nefas
1348 1979 1417 2023 tresn-

386 2074 442 2134 tur‚
457 2063 509 2122 scd
522 2063 688 2120 damnatum
703 2080 823 2138 qnoque
840 2061 987 2120 vindicent
1000 2060 1124 2142 (7-34)
1140 2061 1196 2141 (β);
1211 2063 1288 2138 qnod
1300 2059 1416 2118 conlestin

316 2173 332 2214 t
384 2155 435 2224 iis,
457 2167 487 2212 et
503 2155 615 2231 quoties
631 2153 742 2226 lubeat,
761 2145 808 2229 jus
823 2155 949 2227 dicatur,
966 2167 995 2213 et
1015 2161 1110 2229 neque
1129 2156 1262 2226 initinm,
1280 2174 1360 2229 neque
1371 2153 1416 2209 finis

382 2245 478 2302 litiuin
491 2247 523 2303 in
538 2248 731 2324 longinquum
747 2245 904 2332 disseratur
915 2258 1027 2322 tempus
1041 2237 1184 2326 (35450)
1201 2245 1254 2328 (7);
1269 2247 1340 2323 quod
1351 2263 1415 2320 pett-
1467 2235 1468 2280 l

382 2336 454 2392 lium
467 2338 502 2395 iis
516 2339 551 2394 sit
567 2351 724 2406 castrense,
746 2349 776 2393 et
790 2339 919 2410 hincjus
936 2339 1058 2396 testandi
1071 2339 1141 2396 rivo
1156 2342 1252 2398 adhuc
1263 2352 1337 2416 patre
1350 2336 1415 2420 (51-

383 2425 433 2506 56)
446 2429 501 2505 (δὴ
513 2429 592 2505 quod
606 2427 752 2505 phaleras‚'
760 2441 879 2504 torques
892 2430 1004 2504 aliaque
1017 2431 1133 2490 virtutis
1146 2431 1263 2508 premia
1273 2445 1414 2502 consequau-

382 2531 440 2586 tur,
457 2539 546 2596 quum
561 2523 649 2598 ipsius
666 2521 747 2579 ducis
765 2511 886 2598 issem,
908 2531 937 2580 et
955 2523 1096 2600 honorari
1115 2525 1222 2583 milites
1241 2537 1269 2582 et
1281 2519 1415 2598 locupletari

381 2608 391 2686 l
399 2610 542 2690 56-60)
796 2615 800 2624 '
885 2605 888 2616 ’

842 2733 989 2749 ...ἢ

530 2923 764 3016 SATIRAE
798 2927 1054 3020 DECIMAE
1090 2931 1300 3040 SEXTAE

799 3105 1042 3163 sNtLYsls..

416 3320 451 3376 ln
464 3318 563 3395 priore
578 3318 663 3394 hujus
678 3320 777 3380 Satires
791 3331 871 3396 parte
885 3321 939 3398 (vs.
958 3320 1063 3398 1-34)
1078 3333 1166 3399 poeta
1181 3325 1250 3382 satis
1267 3322 1411 3399 ingeniosas

376 3410 404 3469 ei
423 3411 546 3468 formam
566 3411 706 3482 induisse,
729 3424 771 3486 et,
790 3412 859 3470 dum
879 3425 976 3490 aperte
997 3415 1149 3474 commoda
1172 3417 1279 3475 militiae
1299 3423 1411 3479 moenai,

376 3515 450 3560 tecta
464 3504 555 3562 ironis
568 3524 601 3561 ac
613 3506 706 3562 landis
719 3507 812 3580 specie
827 3507 1034 3582 vituperationi
1045 3509 1177 3584 imposita
1192 3512 1306 3567 nimiam
1315 3509 1411 3566 militen

374 3597 517 3654 licentiam
534 3598 791 3673 insolentiamque,
810 3617 895 3673 quam
911 3600 968 3657 illis
989 3602 1169 3676 temporibus
1187 3603 1236 3660 rix
1251 3605 1411 3678 Imperatores

374 3707 507 3746 coercere
521 3691 682 3758 audebant,
694 3691 889 3768 perstringere
900 3691 1024 3749 ridetur.
1036 3695 1105 3750 Eam
1117 3715 1178 3752 non
1186 3695 1323 3772 integram
1333 3707 1411 3766 supet-

373 3797 433 3836 esse
447 3781 563 3853 qnidnm
580 3781 689 3856 opinati
702 3793 785 3853 sunt,
805 3783 942 3857 quintam
958 3784 1054 3842 brevis
1074 3787 1150 3844 sortc
1167 3800 1210 3846 est
1229 3799 1257 3847 et
1276 3781 1410 3862 argumenti

369 3871 503 3926 tractatio
518 3889 578 3927 non
592 3873 725 3929 omnibus
738 3875 866 3932 numeris
881 3877 1011 3934 absoluta
1025 3899 1032 3933 :
1046 3897 1111 3934 nam
1132 3881 1216 3955 plara
1232 3881 1334 3936 militie
1346 3895 1408 3934 eom·
1464 3877 1465 3902 ¹

371 3961 456 4016 moda
479 3973 565 4037 atque
585 3965 751 4041 privilegia,
773 3985 863 4041 quum
875 3967 1004 4042 legibus,
1020 3981 1081 4026 tum
1101 3973 1310 4048 imperatorum
1330 3965 1407 4028 edictit

370 4052 523 4110 corratitutn
543 4065 572 4112 et
593 4073 741 4128 concesse,
757 4075 773 4115 a
790 4058 892 4136 Polyb.
907 4061 966 4132 vl,
986 4059 1040 4134 393
1057 4063 1134 4139 Lips.
1150 4065 1210 4122 Mil.
1228 4067 1309 4122 Rom.
1321 4064 1352 4131 l',
1367 4063 1408 4134 195
