2992 4984
289 481 470 545 SATIRA
494 479 688 545 DECIMA
711 481 924 564 Quartus.
1009 497 1011 504 ’
1075 486 1139 574 307

118 593 245 686 Sponte
260 607 374 663 tamen
390 597 532 688 juvenes
550 597 724 666 imitantur
738 611 848 667 cetera
865 625 872 666 :
889 597 993 670 solam

75 702 168 770 Inviti
182 727 319 799 quoque
335 705 507 773 avaritiam
523 729 674 775 exercere
688 705 861 799 jubentur.

78 807 163 878 Fallit
177 814 269 880 enirn
283 814 403 883 vitium
421 815 532 907 speeie
547 815 680 884 virtutis
697 829 732 884 et
748 815 885 903 umbra,

74 919 182 1006 Quum
196 922 239 990 sit
252 924 348 993 triste
361 923 479 993 habitu
494 921 657 1018 vultuque
672 939 705 992 et
718 939 811 993 veste
824 950 991 996 severum.
1092 961 1143 999 uo

66 1029 142 1112 ,Nec
157 1029 261 1100 dubie
277 1046 449 1127 tamquam
464 1032 555 1128 frugi
568 1030 725 1102 laudatur
740 1058 874 1121 avarus,

74 1139 252 1233 Tamquam
268 1167 389 1237 parcus
403 1143 522 1232 homo,
542 1158 577 1212 et
592 1166 706 1212 rerum
722 1143 828 1213 tutela
841 1169 976 1216 suarum

74 1251 166 1318 Certa
185 1253 312 1346 magis,
333 1255 479 1347 quamsi
501 1253 655 1324 fortunas
672 1270 782 1324 servet
799 1257 931 1327 easdem

74 1359 292 1453 Hesperidum
307 1369 459 1458 serpen's,
478 1378 537 1432 aut
548 1363 709 1434 Ponticus
725 1390 734 1433 ε
749 1363 834 1440 adde
847 1368 939 1461 quod
953 1368 1063 1457 hunc,
1081 1370 1122 1440 de

75 1470 144 1558 Quo
159 1469 296 1566 loquor,
313 1475 484 1570 egregium
500 1474 646 1570 populus
659 1491 756 1570 putat
771 1478 966 1571 nequirendi
1096 1495 1146 1552 115

78 1580 240 1651 Artificem
257 1609 266 1652 ε
282 1585 411 1680 quippe
426 1587 479 1655 his
496 1601 650 1655 crescunt
666 1586 871 1681 patrimonia
889 1585 1004 1659 fabris.

76 1691 136 1761 Sed
152 1708 309 1763 crescunt
323 1720 537 1790 quocumque
552 1696 673 1784 modo,
688 1697 885 1792 majoraque
898 1697 987 1768 fiunt

76 1804 198 1874 lncude
212 1805 368 1893 adsidua,
384 1832 583 1903 semperque
599 1807 737 1878 ardente
752 1808 896 1878 camino.

117 1917 158 1984 Et
176 1931 277 2010 pater
295 1942 378 2014 ergo
399 1921 503 1990 animi
523 1919 635 1990 felices
655 1918 762 1989 credit
779 1944 915 2008 avaros,

78 2025 137 2113 Qui
154 2028 302 2098 miratur
319 2055 415 2126 opes,
429 2031 488 2124 qui
503 2029 597 2100 nulla
610 2028 760 2126 exempla
774 2031 862 2100 beati
1098 2065 1149 2102 no

81 2139 231 2234 Pauperis
249 2165 320 2210 esse
336 2155 434 2235 putat
450 2167 458 2210 :
476 2142 620 2236 juvenes
637 2143 805 2230 hortatur,
824 2156 864 2211 ut
881 2138 972 2210 illam

81 2247 126 2314 lre
146 2249 237 2316 viam
258 2265 416 2346 pergant,
431 2264 465 2318 et
477 2248 587 2319 eidem
603 2251 798 2320 incumbere
815 2264 924 2320 secta.

80 2359 157 2426 Sunt
170 2359 325 2454 quaedam
336 2361 500 2428 vitiorum
516 2359 678 2429 elementa
693 2386 702 2428 ε
721 2361 774 2429 his
788 2374 951 2453 protenus
966 2358 1039 2429 illos

79 2466 219 2555 Imbuit,
234 2483 270 2536 et
287 2469 378 2563 cogit
393 2467 548 2538 minimas
562 2466 709 2538 ediscere
722 2467 845 2539 sordes.

114 2717 181 2769 1⁰7·
202 2699 339 2757 Cetemm
351 2698 404 2757 etsi
418 2697 490 2754 vitia
507 2697 605 2754 omnia
615 2695 810 2756 adolescentes
821 2696 948 2756 libenter
957 2717 975 2754 a
984 2697 1153 2773 parentibus

81 2789 207 2848 hauriant
221 2791 379 2866 imitando,
397 2789 545 2848 avaritiam
560 2791 652 2846 solam
659 2788 745 2846 inviti
755 2800 785 2844 et
792 2805 868 2864 segre
877 2788 1153 2866 condiscunt,quod

83 2883 195 2957 speeiem
214 2903 249 2940 nc
268 2883 402 2941 umbram
419 2881 536 2939 virtutis
552 2881 600 2937 illa
614 2899 674 2956 prae
691 2899 721 2937 se
736 2879 823 2951 lera't,
844 2890 873 2937 et
888 2880 1008 2946 babitus¹
1020 2881 1152 2954 tristitie,

83 2977 229 3052 vultuque
239 2995 272 3033 ac
280 2975 405 3033 vestium
416 2975 570 3032 severitate
579 2974 711 3043 borreat;
725 2983 754 3029 et
765 2971 833 3030 ideo
847 2973 930 3048 quod
941 2984 1078 3050 parentes
1089 2975 1153 3032 lau-

84 3065 145 3124 dent
158 3087 292 3140 aearum,
306 3079 341 3126 nt
355 3067 453 3126 virum
468 3067 614 3142 probum,
630 3063 785 3142 frugalem,
802 3083 938 3140 pareunt,
951 3065 1003 3141 qui
1018 3065 1153 3124 fortunas

83 3175 138 3216 suas
151 3170 264 3217 tutetur
276 3179 309 3217 ac
328 3171 424 3218 servet
437 3158 555 3229 melius,
572 3175 658 3234 quarn
676 3157 701 3214 si
719 3177 765 3216 eas
783 3157 943 3216 custodiret
960 3154 1011 3216 ille
1027 3158 1153 3236 pervigil

84 3251 178 3324 draeo,
191 3253 245 3329 qni
263 3271 349 3329 poma
360 3252 569 3329 Hesperidum,
585 3261 634 3307 aut
648 3249 735 3321 alter,
746 3249 798 3325 qui
817 3269 937 3308 auream
949 3252 1042 3309 vellus
1058 3269 1153 3327 prope

83 3346 200 3403 Pontum
217 3345 408 3403 custodiebat.
424 3344 510 3402 Adde
525 3343 607 3420 quod
623 3342 758 3401 eumdem
774 3343 873 3414 hune,
891 3343 929 3402 de
948 3364 1007 3421 quo
1025 3347 1151 3421 loquor,

83 3436 279 3496 honorandum
285 3439 410 3514 populus
421 3447 504 3513 putat
512 3436 544 3494 in
553 3447 616 3494 arte
624 3434 793 3512 acquirendi
803 3435 960 3511 artificem,
973 3437 1041 3514 qnia
1050 3437 1151 3493 talium

83 3528 225 3588 labrorum
242 3529 418 3605 patrimonia
435 3540 582 3600 crescunt3
604 3539 633 3586 et
652 3539 787 3586 crescunt
804 3528 941 3605 quidem,
966 3530 1019 3587 sed
1040 3529 1153 3604 majora

84 3618 152 3678 fiunt
160 3623 289 3680 adhibita
300 3633 362 3679 arte
373 3621 519 3697 qualibet,
532 3620 647 3678 assiduo
658 3631 687 3678 et
697 3619 841 3678 indefesso
853 3621 967 3692 labore,
982 3621 1073 3678 instar
1085 3616 1153 3703 opi*

85 3713 175 3788 ficum,
185 3717 237 3792 qui
248 3715 362 3772 serrum
375 3715 488 3772 camino
499 3733 614 3790 semper
627 3714 748 3772 ardente
756 3712 929 3783 mollientes,
941 3731 1004 3770 uon
1015 3711 1153 3778 desinunt

85 3805 175 3865 luendi
189 3809 358 3884 impositum
370 3805 495 3884 lingere,
511 3819 544 3864 nt
552 3807 667 3884 longius
678 3805 830 3864 efficiatur.
1160 3882 1162 3889 X

120 3920 182 3980 ¹¹9·
203 3905 283 3980 Ergo
292 3913 376 3977 pater
386 3921 490 3959 avaros
498 3901 643 3960 existimat
651 3901 816 3959 animorum
826 3900 961 3959 felicitate
972 3915 1153 3984 prestantes,

85 3993 129 4070 qui
140 3995 214 4052 nibil
226 4014 306 4071 aeque
318 4013 351 4052 ae
364 3991 479 4052 divitias
490 3994 625 4068 miratur,
642 3993 693 4070 qui
706 3995 820 4050 nullum
831 3993 971 4052 exstitisse
985 4001 1150 4074 exemplum

85 4098 159 4160 putat
170 4088 304 4165 pauperis
318 4087 376 4145 laeti
390 4098 420 4144 et
431 4088 525 4159 beati,
539 4086 607 4146 ideo
622 4087 697 4145 filios
710 4088 882 4148 adhortatur
892 4089 1008 4162 sedulo,
1023 4102 1057 4148 ut
1071 4109 1151 4152 mm·

85 4179 145 4238 dem
163 4182 295 4240 insistant
313 4181 409 4253 viam,
434 4190 463 4240 et
484 4199 547 4240 eam
568 4180 765 4238 feneratorum
784 4190 891 4237 sectam
910 4181 1149 4255 complectantur.

11 4309 12 4318 κ
87 4271 329 4342 Quemadmodum
340 4285 434 4334 antem
448 4275 480 4331 in
491 4273 628 4332 omnibns
638 4273 734 4340 vitiis,
749 4272 872 4350 perinde
881 4283 968 4350 atque
981 4273 1148 4348 inertibus,

945 4386 996 4429 ao.
