2992 4984
139 463 305 532 slrraAE
321 461 504 530 neuun
518 461 1051 552 qumrnrreuueuruu.
1081 484 1146 551 297

93 591 223 669 96-106.
243 593 287 650 Ita
307 591 340 648 in
358 590 477 667 reliquis
495 609 612 667 quoqne
633 591 720 648 rebus
739 602 843 667 sponte
860 611 911 649 sua
928 591 1015 651 liberi
1027 590 1148 669 vetigia
1213 667 1215 674 Ι

92 708 228 774 parentum
245 708 459 774 persequuntur
475 719 482 756 :
498 699 559 755 sola
581 697 710 773 pecunie
728 697 885 774 cupiditate
905 698 991 755 inviti
1009 696 1152 772 insciique

93 801 308 874 inflammamur,
328 802 467 878 quoniam
482 812 575 878 pater,
598 812 631 858 ut
653 801 769 859 virtutis
790 821 841 858 eos
860 800 954 877 specie
975 800 1162 874 tellusque

94 905 198 962 avaritia
212 916 271 978 est,
285 906 493 982 parcimoniam
504 907 643 982 appellat,
656 917 826 983 tenerasque
841 907 959 965 illorum
968 917 1078 964 mentes
1088 923 1156 980 pan·

93 1012 160 1068 latim
173 985 259 1087 huius
274 1012 340 1070 vitii
355 1012 501 1071 elementis
518 1012 639 1083 imbuit,
661 1009 828 1086 req-rat.
851 1015 923 1086 Qure
939 1013 963 1070 si
980 1014 1036 1071 rite
1051 1012 1153 1069 animis

92 1117 275 1190 imbiberunt,
284 1129 426 1176 extremas
435 1137 484 1175 eos
494 1117 594 1175 sordes
604 1117 703 1189 docet,
714 1117 888 1176 defraudans
898 1136 998 1176 servos
1010 1116 1153 1174 dementis

93 1224 155 1294 sais,
170 1223 333 1300 famemque
343 1223 399 1280 sibi
415 1224 532 1299 explens
547 1223 669 1282 mucidis
679 1225 761 1300 panis
772 1224 871 1282 trustis
877 1265 886 1295 ,
903 1235 933 1282 et
945 1223 1075 1301 opsoniis
1083 1233 1154 1280 aestu

92 1329 241 1405 corruptis,
256 1349 320 1406 quae
335 1331 381 1386 vel
405 1327 531 1386 mendici
552 1329 729 1406 respuerint,
755 1327 920 1398 rai-134.
940 1331 1062 1387 Nullum
1084 1345 1155 1385 vero

92 1434 184 1490 vitiam
200 1435 316 1492 stultius
333 1446 376 1492 est
396 1435 566 1511 turpiusque
586 1434 704 1491 avaritia
720 1456 727 1490 ε
745 1443 879 1508 potestne
892 1431 977 1491 enim
997 1431 1156 1507 quidquam

92 1558 141 1596 esse
156 1540 320 1613 absurdius,
334 1559 421 1616 qnam
434 1540 538 1598 misere
551 1539 721 1614 duriterque
731 1539 844 1610 vivere,
862 1548 896 1594 ut
907 1537 989 1594 dives
1000 1536 1156 1594 moriaris?

94 1643 249 1717 rii-137.
262 1647 404 1703 Preterea
412 1661 514 1702 arants
523 1687 532 1716 ,
542 1663 601 1720 quo
609 1645 693 1719 plura
703 1643 846 1719 possidet,
858 1663 893 1701 eo
904 1645 989 1719 plura
998 1643 1094 1719 cupit,
1109 1654 1154 1714 et,

92 1749 211 1826 quamvis
224 1769 310 1829 agros
326 1750 402 1828 agris
414 1749 547 1825 adjiciat,
558 1748 703 1820 vicinum,
719 1747 743 1805 si
755 1767 817 1805 non
827 1747 894 1823 jure
908 1760 937 1807 et
954 1749 1061 1825 pretio,
1078 1760 1155 1806 certe

93 1855 190 1930 injuria
200 1868 230 1915 et
241 1855 392 1914 fraudibus
405 1855 503 1930 pellit,
518 1872 621 1930 parum
636 1851 792 1922 sollicitus,
810 1865 910 1910 utrum
923 1853 1012 1926 bene,
1026 1871 1064 1909 an
1081 1854 1155 1910 male

94 1955 196 2030 audiat,
210 1955 377 2015 138-155.
391 1958 451 2015 Nee
469 1969 565 2014 tamen
582 1957 691 2014 divitiis
702 1957 759 2015 suis
770 1959 817 2015 rel
827 1976 949 2033 corpus,
967 1959 1014 2015 vel
1029 1957 1157 2015 animum

93 2063 253 2139 egritudine
266 2064 362 2119 levare
377 2074 488 2138 potest,
507 2061 671 2120 156-160.
692 2063 811 2119 Veteres
826 2062 965 2132 Romani,
980 2072 1062 2118 aetate
1073 2061 1155 2118 belli-

94 2185 144 2243 que
157 2167 304 2225 laboribus
316 2167 455 2240 confecti,
471 2179 538 2243 post
548 2178 606 2224 tam
619 2165 735 2243 egregie
744 2169 875 2224 maetam
890 2166 1066 2243 reipublicae
1080 2185 1154 2244 ope·-

94 2289 164 2342 m,
185 2269 258 2330 binis
276 2269 444 2349 jugeribus,
466 2272 577 2348 premii
597 2273 663 2329 loco
688 2271 832 2348 acceptis,
854 2273 985 2330 contenti
1003 2285 1102 2346 erant,
1125 2286 1154 2332 et

94 2379 167 2451 pulte
174 2376 326 2449 virebant,
341 2377 505 2449 161-171.
520 2379 605 2435 Nunc
616 2375 696 2433 horti
707 2367 862 2452 ampliores
880 2389 963 2449 sunt,
983 2397 1070 2453 quam
1084 2380 1154 2436 olim

94 2481 167 2558 agri,
182 2493 208 2540 et
226 2482 392 2540 insatiabilis
406 2483 538 2542 ¹habendi
553 2482 693 2559 cupiditas
707 2481 831 2558 plurima
844 2480 999 2551 veneficia,
1016 2481 1106 2539 caedes
1126 2495 1155 2540 et

97 2588 193 2645 scelera
206 2588 412 2666 cujusdemque
427 2589 540 2665 generis
556 2589 666 2666 gignit,
684 2589 848 2660 17a-r78.
862 2587 953 2645 Prisci
967 2587 1069 2660 Marsi,
1082 2589 1157 2645 Her·
1180 2634 1183 2644 ,

98 2691 148 2748 uici
159 2711 189 2750 ac
199 2691 312 2750 Vestini
323 2692 516 2770 frugalitatem
527 2692 647 2770 agrique
658 2694 803 2749 culturam
813 2691 880 2749 filiis
895 2693 954 2750 suis
968 2691 1156 2749 commenda-

99 2795 171 2867 bant,
182 2795 321 2872 tenuique
332 2795 412 2854 victu
424 2797 513 2854 vitam
526 2807 686 2856 sustentare
697 2797 843 2869 solebant,
862 2795 1028 2871 178—188.
1042 2797 1156 2854 Nostris

99 2912 185 2958 contra
198 2900 379 2976 temporibus
393 2911 422 2958 et
438 2912 533 2975 patres
553 2913 583 2958 et
595 2901 723 2960 nutrices
739 2903 876 2978 parvulos
891 2901 1026 2958 omnibus
1038 2901 1074 2958 iis
1085 2903 1157 2960 arti-

101 3007 160 3078 bus,
170 3007 256 3065 etiam
262 3007 406 3068 vilissimis
414 3050 423 3081 ,
432 3006 597 3080 instruunt,
609 3028 626 3065 e
639 3009 743 3084 quibus
755 3009 869 3065 lucrum
882 3007 993 3084 possint
1006 3008 1113 3082 lacere,
1128 3020 1158 3065 et

101 3111 243 3190 diligenter
253 3113 289 3171 iis
298 3113 444 3171 inculcant
452 3114 531 3171 illam
541 3123 635 3188 poetae
645 3112 816 3171 sententiam
827 3134 834 3167 :
848 3136 860 3164 a
871 3111 958 3170 Unde
967 3112 1072 3168 babeas
1082 3132 1159 3189 qnae-

101 3219 229 3293 ritaemo,
239 3220 531 3296 sedoportetlrabere
541 3244 554 3271 a
561 3260 572 3288 ,
590 3217 754 3298 189—209.
763 3217 824 3274 Cur
833 3235 904 3273 vero
915 3225 1065 3293 tantopere
1071 3236 1156 3295 urges

101 3322 178 3383 lilium
191 3338 288 3398 tunm,
306 3325 471 3384 stultissime
489 3343 607 3402 parens,
622 3336 657 3382 ut
676 3335 787 3381 mature
805 3324 962 3398 percussit
977 3333 1007 3381 et
1024 3324 1152 3399 pecuniae

99 3429 203 3486 aridus?
220 3429 461 3504 Quamprimum
480 3428 557 3486 enim
575 3428 755 3500 adoleverit,
769 3443 831 3485 non
850 3440 908 3496 eat,
927 3427 1009 3504 qnod
1024 3428 1152 3498 dubites,

98 3534 160 3608 quin
172 3545 199 3592 te
210 3534 306 3610 ipsum
319 3532 437 3591 avaritia
449 3545 578 3610 superet,
595 3545 625 3590 et
633 3534 716 3591 ¹t'alsis
733 3533 917 3604 testimoniis,
931 3532 1066 3608 perjuriis
1080 3553 1156 3590 uxo-

98 3635 386 3712 risquecaededivirias
393 3647 516 3713 quara,
532 3639 823 3706 nro-224.Horum
833 3634 1160 3711 scelerumipseauctor

97 3760 121 3796 es
133 3743 302 3802 censendus:
315 3742 490 3819 qrdeumqne
503 3740 580 3800 enim
591 3741 672 3798 malis
682 3741 792 3800 artibus
807 3759 869 3798 rem
882 3738 1053 3797 familiarem
1064 3740 1150 3799 alicui

97 3865 189 3924 augere
201 3847 345 3925 permittit
359 3859 388 3906 et
404 3849 524 3905 stultum
540 3846 612 3904 dicit
630 3865 704 3918 esse,
719 3846 771 3922 qui
785 3845 946 3903 amicorum
964 3843 1151 3920 propinquo-

94 3968 203 4028 rumque
217 3952 324 4029 inopiae
341 3952 509 4024 subveniat,
526 3951 549 4008 is
563 3970 680 4027 qnoque
693 3951 834 4027 spoliare,
849 3950 987 4026 decipere
1001 3960 1030 4007 et
1047 3951 1152 4026 quovis
1248 4033 1251 4040 Ἰ

96 4057 176 4115 modo
184 4077 252 4135 opes
263 4058 320 4115 sibi
330 4057 479 4134 acquirere
488 4057 575 4115 docet
585 4075 619 4114 ac
631 4055 746 4128 suadet,
761 4053 927 4124 rab-ali.
937 4055 1043 4113 Filium
1055 4054 1154 4132 itaque

97 4172 169 4220 tuum
179 4165 275 4224 adulta
288 4173 369 4222 aetate
383 4162 581 4240 inexplebilis,
596 4181 652 4238 qun
666 4181 732 4220 enm
743 4162 913 4238 incendisti,
928 4162 1055 4239 pecuniae
1071 4161 1154 4237 cupi-
