3030 4984
339 393 404 458 206
640 391 683 453 u.
705 389 834 454 sunu
856 389 1120 492 Juvnrrms
1149 355 1156 368 ’

337 509 433 596 Quos
443 521 562 576 natura
574 503 666 574 dedit
679 530 687 572 ε
701 502 758 572 sed
770 517 891 572 trunca
903 527 1016 597 puppe
1033 505 1189 600 magister

337 618 503 688 Interiora
521 615 605 711 petit
623 615 756 684 Baianas
772 616 888 708 pervia
904 615 1047 707 cymba,

337 731 416 798 Tuti
431 743 547 824 stagna
560 728 675 796 sinus:
694 725 843 820 gaudent
859 727 904 794 ibi
923 727 1045 794 vertice
1062 751 1136 797 raso

337 837 484 908 Garrula
498 838 607 907 securi
626 861 763 906 narrare
779 835 928 930 pericula
945 851 1067 907 nautae.

384 951 436 1016 lte
449 948 563 1042 igitur,
583 947 695 1042 pueri,
715 945 838 1042 linguis
854 947 1039 1042 animisque
1052 948 1216 1036 laventes3

336 1059 498 1152 Sertaque
516 1056 662 1126 delubris
676 1071 709 1126 et
723 1056 813 1126 farra
827 1059 993 1153 imponite
1005 1057 1138 1144 cultris,

337 1170 388 1238 Ac
403 1166 519 1236 molles
534 1182 653 1236 ornate
671 1165 763 1236 focos
781 1167 978 1262 glebamque
996 1169 1184 1237 virentem:
1374 1178 1411 1230 85
1512 1177 1513 1190 ¹

336 1281 412 1346 Jam
426 1303 559 1372 sequar,
575 1291 609 1346 et
625 1303 737 1362 sacro,
751 1276 843 1372 quod
856 1293 1009 1371 praestat,
1027 1279 1089 1348 rite
1106 1291 1259 1371 peracto,

337 1388 423 1456 Inde
436 1388 574 1457 domum
589 1403 752 1482 repetam,
771 1388 908 1482 graciles
924 1387 982 1456 ubi
1001 1411 1105 1482 parva
1121 1411 1262 1457 eoronas

337 1497 518 1592 Accipiunt
532 1498 835 1593 fragilisimulaera
854 1499 995 1566 nitentia
1012 1523 1099 1568 cera.

337 1608 402 1676 Hic
420 1623 573 1676 nostrum
591 1606 730 1702 placabo
743 1609 878 1696 lovem,
897 1609 1105 1704 Laribusque
1122 1607 1267 1702 paternis

337 1715 455 1787 Tburd
470 1718 573 1806 dabo,
592 1733 692 1812 atque
707 1743 822 1788 omnes
838 1718 936 1788 violae
946 1719 1082 1813 jactabo
1097 1717 1237 1788 colores.

337 1831 468 1898 Cuncta
486 1829 611 1917 nitent3
630 1828 748 1926 longos
762 1831 866 1898 erexit
876 1829 980 1923 janua
996 1853 1121 1916 ramos,

335 1941 380 2007 Et
395 1939 567 2012 matutinis
582 1956 741 2034 operatur
756 1940 839 2010 festa
857 1938 1012 2010 luoeruis.

385 2050 460 2118 Nec
477 2066 631 2145 suspecta
649 2052 709 2120 tibi
727 2053 793 2120 sint
809 2052 898 2136 haec,
914 2054 1080 2122 Corvino:
1099 2049 1265 2139 catullus,

336 2161 403 2226 Pro
416 2159 512 2251 cujus
526 2158 633 2228 reditu
647 2175 699 2228 tot
711 2183 803 2253 pono
818 2158 948 2245 altaria,
964 2185 1086 2254 parvos

334 2267 419 2336 Tres
432 2266 533 2336 babet
544 2267 679 2338 heredes
692 2294 701 2336 ε
715 2267 795 2337 libet
806 2283 1009 2364 exspectare,
1024 2271 1102 2362 quis
1113 2293 1233 2364 aegram
1366 2286 1404 2354 95
1512 2279 1513 2300 ¹

334 2476 463 2540 partem,
482 2466 534 2522 nbi
553 2485 632 2524 mure
649 2441 824 2525 inollensum
842 2475 898 2538 est,
918 2487 951 2525 ae
968 2478 1071 2544 stagno
1088 2465 1198 2537 simile,
1217 2477 1246 2523 et
1266 2467 1318 2523 ubi
1336 2476 1407 2522 tntae

334 2569 404 2616 sunt
416 2558 501 2616 etiam
517 2560 669 2628 uaricula,
682 2561 780 2634 quales
794 2559 825 2616 in
841 2560 905 2618 lacn
917 2560 1045 2618 Lucrino
1058 2560 1192 2616 visuntur
1207 2577 1300 2634 prope
1313 2557 1405 2614 baias.

334 2649 465 2724 Expositi
477 2659 569 2706 naute
577 2661 664 2726 caput
676 2650 829 2707 detonsum
839 2661 1001 2724 ostentant3
1011 2663 1041 2708 et
1052 2671 1116 2728 quae
1128 2651 1266 2727 fugerunt
1277 2648 1407 2725 pericula

335 2753 486 2800 renarrant
496 2742 563 2800 laeti.

376 2836 424 2894 83.
445 2836 531 2912 Agite
539 2855 625 2913 ergo,
641 2835 755 2906 famuli,
768 2846 798 2893 et
808 2836 893 2896 facite
907 2849 941 2896 nt
951 2838 1066 2897 silentio
1075 2837 1249 2913 attentisque
1258 2836 1407 2893 mentibus

334 2926 475 2986 sacrificio
494 2928 648 3000 intersitis;
670 2931 809 3004 templum
829 2927 950 2990 floribus
972 2943 1085 3004 orrute3
1106 2931 1214 2988 cultros
1235 2929 1313 2986 mola
1334 2929 1408 2984 salsa

334 3022 531 3098 conspergite3
546 3041 625 3078 urana
645 3041 661 3080 e
678 3023 784 3097 cespite
800 3025 975 3094 construite3
994 3024 1089 3102 ignem
1104 3023 1252 3080 adornate.
1272 3024 1337 3077 Jam
1351 3039 1407 3076 vos

334 3133 516 3188 consequar,
541 3126 571 3172 et
597 3116 673 3174 lacto
695 3116 823 3192 legitime
845 3116 1000 3188 sacrificio,
1022 3137 1086 3194 qne
1105 3135 1172 3192 pars
1195 3127 1238 3172 est
1260 3113 1408 3190 precipua

334 3205 425 3262 olficii
449 3207 630 3282 epicuris,
653 3208 775 3266 referam
796 3229 843 3266 me
864 3211 1003 3280 domum,
1027 3211 1079 3267 ubi
1100 3228 1221 3268 coronas
1244 3228 1260 3266 e
1281 3207 1407 3266 floribus

335 3297 457 3372 impono
477 3299 600 3356 deorum
622 3300 847 3358 domesticorum
870 3304 969 3360 statuis
991 3303 1140 3380 fragilibus
1167 3315 1196 3361 et
1218 3321 1281 3359 cera
1306 3301 1408 3357 niten-

335 3390 422 3448 tibus.
446 3390 501 3448 nic
517 3411 613 3450 meum
633 3396 750 3465 Jovem,
767 3404 797 3450 et
814 3394 885 3452 alios
902 3415 975 3470 quos
994 3395 1074 3453 domi
1092 3397 1175 3465 eolo,
1191 3415 1264 3471 quos
1281 3393 1409 3467 majores

335 3484 393 3541 mei
415 3485 546 3558 coluere,
567 3505 705 3562 superos,
723 3486 821 3544 oblato
842 3487 927 3544 thure
950 3488 1130 3559 conciliabo,
1152 3488 1290 3544 eoriolas
1308 3487 1407 3543 omnis

335 3577 442 3635 coloris
465 3577 574 3636 affatim
597 3597 737 3656 spargam.
761 3581 879 3636 Factum
900 3580 994 3651 bene;
1017 3581 1112 3638 omnia
1135 3579 1227 3636 nitida
1249 3589 1278 3634 et
1301 3589 1406 3634 oruata

335 3682 415 3740 sunt,
433 3671 637 3731 frondentibus
649 3672 787 3730 arborum
803 3673 889 3730 ramis
903 3685 999 3749 postes
1012 3674 1107 3746 januae
1118 3673 1294 3742 vestiuntnr3
1313 3681 1343 3726 et
1357 3670 1407 3725 lu·

336 3780 429 3820 cerne
445 3765 626 3839 frequentes,
646 3765 755 3823 ibidem
769 3784 882 3823 musmo
900 3785 984 3823 mane
996 3783 1139 3834 aremare,
1166 3763 1225 3822 diei
1235 3763 1314 3820 leste
1329 3759 1406 3818 leti-

339 3855 408 3912 tiam
421 3857 564 3916 redolent.

376 3949 425 4025 93.
446 3951 547 4025 Neque
561 3971 633 4009 vero
645 3952 788 4010 sinistram
801 3953 839 4011 de
851 3973 898 4012 nse
910 3953 1101 4028 suspicionem
1111 3952 1235 4026 aliquam
1247 3947 1313 4018 tibi,
1325 3947 1404 4004 Cor·-

336 4039 418 4114 rine‚
431 4057 567 4102 moveant
579 4046 676 4104 isthaec
691 4045 784 4104 officia
796 4047 918 4122 pietatis.
934 4048 1063 4119 Catullo,
1080 4065 1134 4121 pro
1149 4045 1230 4118 cujus
1246 4041 1342 4100 reditu
1358 4051 1403 4098 tut

336 4155 397 4194 aras
410 4147 545 4210 exstruo,
558 4149 625 4196 sunt
633 4137 685 4196 filii
695 4151 752 4204 tres
762 4140 858 4216 dorni,
871 4152 900 4200 et
911 4140 1039 4202 heredes.
1053 4139 1149 4214 Cedo,
1162 4156 1249 4216 quern
1258 4134 1401 4212 reperias,
