3042 4984
355 392 420 469 lta
526 389 698 458 VARIAE
720 389 1017 458 LECTIONES
1040 394 1105 460 ET
1128 394 1293 462 NOTAE.

355 505 426 556 MSS.
439 507 514 558 Paris.
526 509 664 572 Utrumque
682 523 750 556 nunc
759 509 842 574 recepi
850 525 897 574 pan
907 509 1002 582 vulgata
1013 512 1118 562 lectione
1126 529 1242 562 caussam
1251 511 1366 570 &sana
1380 529 1429 577 qna

357 590 399 638 sia
409 592 524 656 cuiquam
532 593 655 658 placebit,
665 591 713 640 nisi
723 595 804 657 ileyn.
815 593 859 658 qni
868 610 921 642 esus
933 604 1015 644 tuetur
1023 597 1079 646 coll.
1088 597 1224 660 vn1,27;
1235 599 1300 656 xli,
1312 599 1357 656 ἠΰς
1366 599 1429 662 virg.

357 674 453 722 AEneid.
470 676 547 734 vm,
565 676 896 740 619-6sr‚etx1,171.
914 672 1065 727 Procerum
1082 679 1146 727 sorte
1163 680 1265 743 qnidam
1280 679 1431 728 librarium

355 770 521 822 reposueruut
543 774 655 807 caussam
667 794 676 817 ,
700 770 725 808 ct
747 759 839 809 deinde
862 760 903 809 alii
923 771 1008 826 aptam
1032 763 1056 812 ei
1078 763 1227 813 vocabulum
1248 762 1353 812 decenni
1371 779 1432 811 com·

356 844 435 890 menti
453 855 520 894 sunt.

392 935 461 990 Nor.
483 935 541 991 135.
560 941 700 1006 squalorem
715 938 758 991 vel
769 940 857 990 ‘sordes
871 951 926 992 tam
938 957 1048 1002 norun,
1062 957 1147 1012 quam
1165 938 1379 1012 supplicantium
1393 939 1430 992 lu·

354 1019 544 1092 gentiumque,
563 1020 598 1074 nd
612 1021 809 1076 miserationem
823 1019 991 1076 movendam
1008 1035 1145 1094 spectare,
1164 1023 1208 1078 sel
1224 1023 1361 1076 tironibus
1376 1031 1434 1075 nota

353 1121 397 1158 ret
409 1115 455 1157 est.
467 1108 657 1173 aquatoremqos
667 1109 706 1158 rei
715 1118 743 1160 ct
762 1103 835 1176 (vid.
849 1105 884 1160 ad
899 1107 953 1173 IV,
965 1105 1015 1172 63,
1027 1106 1055 1158 in
1067 1108 1134 1160 Var.
1149 1109 1223 1161 lect.
1235 1109 1247 1176 )
1262 1109 1388 1174 pupillus
1400 1109 1432 1156 ad

347 1191 421 1255 juro,
434 1190 493 1260 jus,
504 1205 637 1242 uocantem
651 1193 893 1260 circumstiptorem,
915 1203 1046 1257 tutorem,
1067 1193 1114 1264 qui
1132 1193 1271 1266 pupillum
1288 1192 1369 1246 bonis
1383 1192 1433 1246 suis

356 1271 502 1328 fraudavit.
512 1273 591 1330 Conl.
602 1273 635 1328 sd
647 1276 674 1340 Ι,
686 1279 729 1338 46,
743 1282 793 1345 473
804 1275 845 1340 X,
856 1293 906 1327 aas
915 1313 923 1340 ,
932 1275 1025 1347 etlrnj.
1037 1275 1432 1346 looiVar.lsct.-1ntelligit

355 1357 402 1410 hic
413 1356 531 1411 Cramer.
545 1361 665 1409 auiomm
676 1357 827 1411 rationibus
835 1355 1031 1420 distrahendis,
1045 1376 1127 1430 quam
1136 1359 1214 1414 linita
1223 1359 1310 1413 tutela
1321 1359 1431 1412 instituit

355 1442 479 1514 pupillus
490 1454 585 1496 contra
599 1455 715 1496 tutorem
734 1441 771 1494 ob
785 1441 961 1514 interceptam
975 1443 1117 1516 pecuniam
1133 1445 1300 1518 pupillarem
1315 1443 1432 1517 maleque

355 1523 476 1580 redditas
489 1525 622 1594 rationes,
631 1525 712 1599 idque
724 1525 752 1578 in
763 1523 886 1597 duplum.
895 1525 949 1578 En.

388 1698 458 1747 Vaa.
479 1700 537 1749 136.
554 1699 643 1762 Fletus,
655 1715 697 1762 27,
710 1708 753 1762 47,
763 1699 805 1760 50,
817 1701 863 1760 54,
876 1699 921 1756 64.
937 1697 1044 1760 Fletnra,
1054 1706 1096 1756 lt.
1115 1695 1324 1748 stnrnnstsnto
1337 1692 1430 1742 videtm

354 1778 496 1844 probsndst
505 1782 556 1832 vid.
565 1798 640 1847 supra
650 1783 742 1845 adVl,
754 1784 815 1832 623.

390 1873 460 1926 Nor.
483 1872 547 1937 136,
562 1875 619 1944 137.
638 1873 822 1945 Designantur
839 1873 933 1937 fletus,
949 1871 1065 1945 pueritia
1080 1885 1107 1927 et
1118 1872 1217 1928 &cora
1229 1872 1312 1926 iacies
1323 1870 1429 1944 pupilli.

354 1973 414 2027 qne
430 1955 521 2009 omnis
542 1955 577 2010 atl
594 1956 793 2011 miserationem
811 1955 962 2028 sugendam
975 1958 1072 2011 valent.
1089 1987 1126 1998 —
1147 1962 1221 2024 Cujus
1238 1955 1338 2028 pnpilli
1351 1955 1432 2022 capili

348 2040 487 2105 puellares,
499 2038 574 2111 longi
584 2051 611 2092 et
621 2038 752 2106 fluentes,
764 2041 858 2112 quales
871 2059 928 2094 esse
940 2040 1027 2093 solent
1038 2039 1137 2113 puellis
1145 2039 1289 2112 puerisque
1301 2037 1429 2098 delicatis,

355 2139 400 2172 ora
417 2126 550 2174 manantia
557 2125 639 2196 stetu,
653 2122 794 2198 lacrymis,
802 2123 905 2191 faciunt
921 2127 1026 2186 incesta,
1044 2125 1099 2179 hoc
1118 2136 1173 2190 est,
1187 2123 1321 2178 incertum
1334 2122 1431 2175 faciunt

352 2201 531 2276 adspicienti,
541 2205 610 2260 sitne
619 2225 687 2278 puer
698 2224 734 2262 an
746 2207 847 2280 puella.
860 2209 986 2261 Venusto
1001 2205 1084 2274 iden,
1097 2208 1242 2280 eleganter,
1254 2218 1287 2259 ut
1298 2205 1426 2278 passima

353 2287 459 2362 poetis,
476 2308 614 2362 expressas.
629 2299 637 2324 ¹
653 2321 688 2332 ·-
700 2292 762 2344 Non
778 2290 956 2345 delicatorum
975 2304 1096 2358 tantum,
1109 2291 1157 2346 sed
1177 2305 1203 2346 et
1217 2289 1372 2345 communis
1387 2289 1429 2342 iric

353 2388 499 2442 puerorum
512 2371 588 2447 apud
598 2375 735 2427 Romanos
748 2373 934 2428 universorum
946 2374 1055 2428 lrsbitns
1069 2375 1139 2442 luit,
1154 2387 1185 2428 nt
1195 2385 1269 2428 recte
1279 2386 1356 2428 notat
1369 2373 1429 2426 Cra·

352 2471 418 2508 mes.
431 2455 506 2511 adh.
520 2457 573 2512 loc.
585 2457 692 2511 Comati
705 2458 774 2512 enirn
785 2458 877 2531 pueri,
891 2458 962 2512 tonsi
973 2457 1082 2514 dentum
1093 2470 1169 2514 aaut
1180 2472 1207 2512 et
1222 2458 1387 2513 circumcisis
1399 2457 1429 2508 ab
1503 2509 1504 2520 ,

352 2555 418 2592 anre
429 2538 654 2595 descendentibus
665 2542 790 2615 capillis,
809 2541 858 2596 ubi
874 2554 974 2597 testem
987 2544 1151 2616 pupillarem
1168 2541 1363 2615 deposuissent.
1376 2541 1428 2593 Ita·
1503 2553 1504 2604 ᾗ

352 2641 405 2696 qne
417 2624 465 2678 hic
475 2639 681 2697 representatur
694 2625 865 2692 adolescens,
879 2647 894 2682 a
905 2639 995 2682 tutore
1007 2629 1085 2682 Mais
1099 2628 1247 2701 spoliatus,
1261 2627 1309 2700 qui
1322 2637 1427 2698 propter
1503 2687 1504 2702 3

352 2707 469 2775 luctum,
481 2709 531 2762 etsi
542 2711 671 2766 liberatus
682 2713 781 2774 tutela,
792 2713 925 2785 puellares
937 2712 1051 2784 capillos
1060 2711 1183 2766 nondum
1192 2710 1336 2785 deposuit,
1349 2727 1427 2782 quum

351 2791 483 2864 potuisset
493 2795 551 2865 jam
564 2807 591 2848 et
605 2791 741 2848 debuisset
752 2813 858 2848 comam
870 2795 1079 2851 circumcidisse.
1094 2797 1147 2852 Eu.

266 2897 268 2904 ’
386 2885 455 2942 Nor.
478 2889 541 2954 138,
559 2889 618 2957 139.
639 2891 807 2945 Herminius:
819 2891 891 2945 «Vix
908 2905 963 2958 est,
975 2891 1078 2964 inquit,
1090 2904 1121 2945 ut
1135 2890 1277 2944 luvenalis
1292 2887 1426 2943 hodiernis

351 2971 473 3026 moribus
488 2972 663 3046 persuadeat,
678 2973 736 3029 fieri
747 2976 822 3030 hunc
831 2979 949 3045 genuum
963 2989 1061 3028 nomm
1075 2977 1193 3044 imperio,
1209 2971 1425 3046 qnandoquidem

351 3053 408 3108 siue
420 3055 478 3109 ullo
495 3058 595 3128 gemitu
608 3059 664 3113 lere
677 3078 710 3113 ea
726 3059 823 3114 lunera
835 3059 958 3133 quotidie
968 3071 1107 3114 occurant.
1122 3056 1177 3112 Sed
1191 3077 1225 3111 ne
1240 3058 1304 3130 quis
1312 3059 1425 3111 tuven-

351 3136 404 3190 lem
418 3140 612 3208 φιλοσοφώτατον
628 3141 784 3213 ἀφιλοσοφὶας
801 3156 910 3215 arguat,
925 3140 1089 3206 notandum,
1103 3142 1215 3196 Veteres
1233 3142 1373 3204 statuisse,
1389 3139 1425 3192 in·

351 3220 455 3274 lantum
469 3223 572 3276 animas
589 3242 694 3297 semper
707 3225 770 3280 llere
784 3245 834 3281 cen
851 3228 950 3282 acerbo
966 3228 1060 3281 funere
1075 3243 1190 3292 mersas,
1210 3224 1295 3298 idque
1311 3225 1424 3280 hausisse

350 3321 397 3357 cos
409 3322 441 3356 ex
452 3304 656 3360 Platonicorum
666 3306 818 3381 dogmatis3
835 3310 911 3384 qnod
927 3310 1007 3365 docet
1019 3311 1098 3383 Virg.
1114 3309 1219 3366 AEneid.
1238 3309 1297 3376 Vl,
1310 3313 1362 3374 426
1376 3327 1421 3380 seq.

351 3387 420 3440 Saue
433 3387 492 3442 lstec
503 3387 573 3442 serio
585 3388 739 3445 credentem
753 3394 858 3448 Natura
870 3413 925 3447 non
940 3395 1119 3449 reluctantem
1131 3393 1211 3448 ducet
1226 3407 1375 3467 conspecto
1388 3392 1422 3445 iu-

351 3471 532 3529 iuutislnnere
542 3474 578 3530 ad
587 3476 712 3548 gemitus,
722 3491 826 3533 tactum
836 3479 893 3534 scil.
904 3481 1137 3536 commiseratione
1146 3479 1324 3534 humanitatis
1334 3491 1423 3534 nosue

351 3568 378 3609 et
395 3558 508 3614 etatnlss
526 3559 613 3629 illius,
633 3580 693 3635 que
714 3562 781 3616 boni
799 3562 917 3636 malique
933 3567 1011 3638 juxta
1025 3583 1111 3640 gnara
1127 3565 1284 3618 innocentes
1299 3563 1422 3618 animulas

765 3739 997 3760 ”mmmm

386 3877 396 3904 ¹
415 3868 474 3918 Vid.
487 3871 625 3922 Mltscherl.
638 3873 670 3922 sd
683 3875 745 3924 Hor.
761 3872 863 3934 0d.11,
909 3888 959 3922 rem
965 3873 1076 3922 mlestus.
1088 3871 1231 3922 sPuellares
1240 3871 1340 3937 capilli,
1351 3869 1418 3920 tristi·

352 3945 376 4010 5,
392 3949 436 4012 sd,
448 3959 497 4009 at,
516 3961 541 4002 et
557 3954 652 4019 Gierig.
667 3953 699 4003 ad
712 3954 787 4005 Orid.
800 3956 862 4004 Met.
908 3955 941 4004 tia
951 3964 975 4002 et
987 3953 1100 4018 squalore
1113 3953 1259 4019 longiores:
1271 3969 1350 4017 quum
1359 3952 1420 4001 enim

350 4031 794 4100 V111,tss;1x‚7u;sdtqu0qns
806 4034 865 4082 Ori·
908 4030 946 4083 rei
965 4044 1088 4096 tenemur,
1106 4044 1131 4082 et
1142 4033 1246 4098 capillos
1259 4033 1419 4088 domininon

299 4153 302 4161 .
349 4110 386 4162 dii
397 4110 456 4162 edit.
464 4122 530 4162 nost.
538 4113 864 4179 vol.1V,p.310trtd.En.
908 4113 952 4179 qui
968 4113 1062 4163 laniunt
1072 4113 1257 4164 nosintsrdnm
1270 4113 1363 4164 vultum
1375 4112 1441 4162 lus

348 4191 407 4240 -Α
412 4189 864 4262 qnihnadsmcujussdcirstrnucn'pto·
908 4193 977 4260 bers,
988 4205 1105 4263 unquam
1114 4194 1229 4260 puah-
1239 4193 1322 4248 tntu.
