3074 4990
252 401 258 412 ’
335 435 406 522 ,sa
447 518 449 522 y
636 438 676 500 u.
705 437 844 502 turri
872 437 1158 503 Juvuuaars

363 553 531 620 Occursus
545 550 739 638 hominum,
760 551 855 644 cujus
873 549 1055 646 prudentia
1072 567 1254 637 monstrat,
1300 555 1302 560 ’

362 665 518 735 Summos
531 687 629 760 posse
642 666 733 735 viros
746 679 782 734 et
794 687 917 757 magna
932 661 1083 757 exempla
1098 664 1235 734 daturos

362 774 554 844 Vervecum
573 776 609 842 in
624 775 734 870 patria
748 798 926 867 crassoque
941 775 1003 842 sub
1016 799 1092 844 aere
1104 777 1205 846 nasci.
1396 792 1431 845 50

362 882 508 953 Ridebat
524 910 638 971 curas,
655 908 803 954 necnon
823 898 857 952 et
874 884 997 978 gaudia
1013 883 1123 980 vulgi,

361 994 539 1063 Interdum
554 1011 588 1065 et
604 995 783 1090 lacrymas,
799 1018 905 1087 quum
924 998 1082 1065 Fortunae
1098 997 1168 1091 ipse
1185 997 1308 1066 minaci

266 1115 269 1122 '
361 1105 538 1176 Mandaret
552 1105 723 1200 laqueum,
740 1103 954 1199 mediumque
969 1105 1160 1176 ostenderet
1169 1131 1330 1202 unguem.

362 1216 453 1309 Ergo
467 1238 675 1310 supervacua
688 1214 777 1300 haec,
794 1229 852 1282 aut
867 1215 1059 1308 perniciosa
1074 1229 1248 1310 petuntur,

361 1325 503 1418 Propter
515 1347 590 1416 quae
604 1322 654 1394 fas
668 1338 718 1394 est
732 1346 842 1418 genua
857 1324 1011 1394 incerare
1023 1324 1176 1394 deorum.
1397 1339 1430 1392 55

408 1432 580 1520 Quosdam
595 1433 783 1528 praecipitat
799 1434 946 1528 subjecta
963 1436 1114 1530 potentia
1129 1459 1258 1529 magnae

358 1543 516 1632 Invidiae3
533 1544 656 1638 mergit
673 1541 775 1639 longa
789 1558 889 1639 atque
907 1545 1048 1640 insignis
1062 1544 1232 1614 honorum

359 1652 499 1745 Pagina,
511 1652 720 1726 descendunt
729 1667 860 1740 statuae,
874 1670 1063 1749 restemque
1077 1668 1281 1746 sequuntur:

359 1764 452 1857 Ipsas
467 1761 589 1832 deinde
607 1777 697 1833 rotas
712 1764 867 1858 bigarum
883 1765 1028 1860 impacta
1043 1764 1170 1833 securis

360 1870 483 1956 Caedit,
499 1887 533 1942 et
550 1872 725 1942 immeritis
741 1873 947 1969 franguntur
961 1876 1060 1944 crura
1076 1871 1229 1944 caballis:
1397 1895 1433 1944 60

357 1981 433 2049 Jarn
450 1981 596 2051 stridunt
610 1983 720 2078 ignes;
735 1984 806 2077 jam
824 1984 959 2055 follibus
975 2000 1073 2079 atque
1091 1984 1230 2054 caminis

358 2091 464 2162 Ardet
478 2093 653 2163 adoratum
668 2094 796 2191 populo
811 2112 929 2191 caput,
946 2112 979 2164 et
995 2111 1109 2189 crepat
1126 2097 1243 2190 ingens

357 2202 519 2294 Sejanus3
539 2202 664 2272 deinde
680 2228 722 2272 ex
735 2203 822 2274 facie
835 2219 907 2274 toto
922 2206 1004 2274 orbe
1016 2205 1163 2274 secunda

357 2311 461 2380 Fiunt
473 2310 617 2397 urceoli,
633 2310 761 2408 pelves,
775 2329 922 2410 sartago,
937 2313 1077 2411 patellae.
1160 2311 1165 2322 '

356 2517 542 2589 occurrebat,
559 2517 675 2576 ridendi
695 2537 792 2576 ausam
807 2519 877 2578 inde
898 2521 1045 2594 captabat,
1065 2524 1154 2580 bomo
1170 2522 1432 2599 prudentissimus,

355 2608 407 2685 qui
423 2609 600 2668 documento
615 2621 658 2666 est
677 2611 926 2687 praestantissimos
945 2613 1038 2683 viros,
1059 2626 1089 2671 et
1102 2633 1271 2692 magnarum
1283 2616 1431 2672 virtutum

355 2705 485 2778 exempla
498 2701 685 2778 prodituros,
696 2722 779 2778 posse
790 2704 821 2761 in
830 2704 954 2762 barbara
968 2716 997 2762 et
1009 2706 1118 2764 inculta
1127 2709 1261 2785 regione,
1270 2726 1432 2764 vervecum

355 2794 449 2869 patria
456 2835 467 2864 ,
480 2794 533 2852 ubi
545 2813 596 2851 aer
607 2793 721 2871 pinguis
732 2794 877 2870 hebesque
889 2796 942 2866 sit,
954 2798 1042 2854 nasci.
1056 2799 1227 2875 Excipidtat
1240 2799 1300 2856 risu
1314 2811 1434 2855 morta-

353 2886 426 2942 lium
438 2896 560 2944 curaret
571 2885 879 2960 latitiam3aliquaudo
893 2887 979 2946 etiam
990 2889 1091 2948 lletum
1104 2911 1137 2948 ac
1150 2909 1323 2961 moerorem
1334 2909 1432 2965 quum

353 2981 415 3054 ipse
427 2978 546 3048 iuterim
556 2978 648 3036 minas
661 2976 786 3037 tonina
798 2979 972 3055 despiciens,
990 2983 1081 3058 ipsam
1091 2983 1135 3041 ire
1147 2984 1251 3040 malam
1265 2983 1297 3038 in
1308 3001 1431 3039 crucem

350 3071 485 3144 juberet,
494 3071 680 3145 mediumque
694 3070 817 3146 digitum
827 3072 1009 3132 cannamellas
1020 3093 1117 3132 caussa
1126 3074 1324 3149 protenderat.
1331 3072 1433 3149 Igitur

231 3207 233 3212 .
352 3163 451 3220 inania
465 3174 549 3234 suut,
568 3164 615 3219 vel
635 3162 777 3233 exitialia,
800 3183 863 3239 quae
884 3167 1090 3242 concipiuntur
1107 3187 1125 3224 a
1144 3168 1315 3226 mortalibus
1334 3177 1431 3238 vota3

354 3274 481 3333 quorum
495 3265 529 3311 ut
544 3266 692 3330 compotes
705 3253 790 3327 fient,
808 3255 896 3314 licere
914 3259 968 3315 sibi
989 3245 1169 3318 arbitrantur
1181 3280 1275 3319 cereas
1294 3259 1432 3318 candelas

352 3359 419 3407 ante
432 3349 584 3406 simulacra
596 3348 741 3424 Superum
758 3348 790 3406 in
807 3349 922 3425 templis
934 3351 1100 3409 accendere.

393 3438 442 3497 56.
462 3441 539 3498 Sunt
552 3438 658 3514 quibus
671 3451 714 3498 est
730 3441 819 3500 exitio
834 3442 924 3500 nimia
940 3444 1084 3517 potentia,
1099 3463 1210 3520 magna
1225 3444 1361 3502 videlicet
1373 3444 1429 3501 in·

352 3533 438 3592 vidiae
459 3532 596 3590 obnoxia.
612 3533 714 3590 Perdit
728 3533 806 3610 ipsos
829 3535 917 3611 longa
931 3536 1078 3592 bonorum
1095 3537 1183 3594 series
1200 3556 1233 3594 ac
1249 3537 1427 3594 titulorum:

353 3627 546 3685 deturbantur
559 3645 575 3682 e
589 3645 640 3682 sua
653 3627 715 3684 basi
728 3639 843 3700 sutura,
857 3628 976 3686 funibus
991 3631 1176 3704 dejiciuntur,
1190 3652 1223 3689 ac
1236 3651 1290 3708 per
1302 3633 1431 3689 humum

351 3731 517 3796 captantum
527 3739 666 3777 curruum
676 3720 894 3796 triumphalium
906 3733 977 3780 rotae
989 3711 1228 3781 comminuuntur
1236 3725 1367 3801 impactis
1376 3745 1429 3784 se·

353 3813 470 3870 curibus
475 3854 486 3881 ,
498 3823 528 3868 et
538 3811 757 3870 immerentibus
769 3813 850 3887 equis
861 3831 944 3871 crura
954 3815 1176 3892 suffringuntur.
1189 3818 1296 3874 Audin'
1307 3829 1340 3874 ut
1350 3819 1433 3893 ignis

351 3904 490 3980 crepitet?
500 3914 533 3959 ut
543 3903 575 3960 in
583 3904 731 3962 fornacem
739 3906 904 3978 conjectum
915 3927 1035 3966 aureum
1045 3910 1119 3966 illud
1130 3910 1227 3984 Seiam
1235 3921 1330 3984 eaput,
1341 3911 1429 3984 quod

350 3998 472 4079 supplex
485 3998 575 4055 modo
589 3999 739 4073 plebecula
750 3999 953 4072 venerabatur,
966 4001 1084 4059 follibus
1095 4001 1240 4058 flammam
1253 4001 1428 4059 acuentibus

348 4089 501 4166 liquefiat?
515 4101 549 4147 ut
560 4091 661 4168 ingens
679 4090 741 4166 ipsa
756 4091 852 4165 Seiani
869 4103 960 4151 statua
976 4093 1132 4171 deflagrat?
1143 4105 1177 4150 ut
1190 4110 1207 4152 e
1220 4095 1320 4165 vultu,
1333 4111 1426 4168 quem

347 4185 385 4242 ab
398 4185 587 4261 imperatorio
602 4185 762 4244 secundum
776 4183 857 4242 orbis
875 4185 1029 4259 adorabat,
1047 4187 1159 4244 urceoli
1171 4187 1343 4257 conflentur,
1356 4187 1426 4262 pel-
