3074 4990
351 419 405 484 IN
427 419 654 486 sa'l'lltatt
678 421 928 487 DEClMAM.
1052 359 1055 381 ¹
1129 431 1167 494 81

144 537 206 583 Van.
226 545 269 595 47.
292 535 359 582 Tune
372 551 418 598 pro
428 545 476 581 tum
487 535 566 599 recepi
577 551 608 582 ex
621 553 642 591 r,
657 537 696 596 1⁵,
715 539 1057 600 1o-19,21„25‚,5..„,
1072 549 1119 605 ⁴9·
1130 543 1164 592 50

114 621 151 677 55,
165 620 206 678 57,
217 619 313 678 saon
325 619 437 676 64—67.
446 643 481 654 -
491 621 518 665 In
530 634 620 678 omnes,
634 621 673 676 rt,
687 637 724 683 19,
734 622 774 674 2⁵.
790 622 902 684 46-49,
914 621 1028 682 54-60,
1039 624 1081 673 65.

141 712 210 766 Nor.
232 718 276 781 ⁴7·
300 713 365 760 Tune
379 711 518 780 temporie,
535 709 579 760 illa
597 721 689 772 ntate,
703 729 756 782 qua
769 729 872 764 summa
887 725 944 766 erat
956 731 1059 766 anorum
1070 715 1171 788 simpli-

110 793 187 856 citas,
200 813 258 844 non
269 805 347 845 tanta
358 793 462 846 vaniter
475 791 699 862 magnificentiae.¹
712 797 817 859 Invenit,
830 795 887 848 acil.
903 797 1078 849 Democritus.
1093 799 1171 854 Conf.

110 895 165 947 enp.
177 894 217 928 aa.
235 876 269 928 at
289 895 344 948 aeq.

142 973 211 1024 Nor.
234 973 268 1034 48
281 989 337 1042 aeq.
358 971 540 1036 Democritus,
554 969 746 1031 Abderitanae,
761 970 883 1042 exemplo
892 983 947 1035 est,
958 989 1062 1021 summos
1074 974 1142 1022 viror
1152 991 1176 1025 ee

109 1075 197 1124 ntegra
212 1060 455 1124 exemplariorum,
471 1056 517 1127 qui
534 1055 594 1107 aliia
611 1055 733 1126 exemplo
747 1074 803 1107 ease
816 1068 943 1126 possunt,
959 1056 1056 1108 eximia
1069 1056 1174 1128 ingenia

110 1144 119 1203 (
129 1140 219 1192 Germ.
233 1143 429 1211 Onginolgem'es
438 1141 455 1206 ).
465 1141 614 1206 noseiposse
629 1141 654 1188 in
667 1138 797 1202 Thracia,
806 1142 889 1205 poeria
901 1159 1041 1200 vervecum,
1053 1141 1175 1214 stupido·

109 1241 165 1274 rum
176 1223 323 1275 hominum
333 1224 343 1290 (
354 1235 383 1274 ut
394 1235 513 1274 noatrum
526 1222 614 1288 &lips
623 1223 646 1290 ),
662 1234 686 1270 ee
694 1223 738 1270 sut
747 1239 830 1271 crasso
843 1241 902 1273 aere
912 1221 1048 1288 Theano,
1061 1235 1091 1277 ut
1103 1225 1175 1297 apud

112 1306 202 1357 llorat.
220 1305 312 1376 Epist.
329 1305 368 1368 ll,
388 1321 410 1368 r,
430 1310 493 1367 244:

328 1415 429 1458 Bootum
440 1415 464 1456 ia
476 1426 551 1457 oraaeo
561 1412 648 1472 juraret
660 1425 711 1458 aere
720 1418 806 1457 uatum.

111 1513 177 1569 Nam
186 1511 287 1574 lloeoti,
301 1530 375 1583 eque
385 1529 417 1563 ac
424 1511 545 1564 Thracea
552 1522 580 1562 et
589 1509 616 1562 in
629 1509 722 1581 primia
728 1509 875 1570 Abderitae,
888 1510 988 1582 atupidi
996 1512 1176 1580 habebantur,

111 1594 181 1666 quod
187 1607 285 1648 notum
290 1608 331 1648 eat
337 1613 369 1648 ex
374 1592 514 1648 Wielandi
521 1592 665 1656 Abderitis,
675 1593 818 1664 multisque
823 1593 971 1663 proverbiis
979 1595 1176 1652 loonm²dedit.

142 1693 211 1744 Nor.
222 1693 269 1753 52,
281 1689 323 1744 53.
337 1690 496 1754 Fortunam,
508 1706 588 1760 quam
599 1700 638 1741 tot
647 1688 768 1741 hominen
776 1690 882 1753 colunt,
891 1702 918 1742 et
928 1691 1065 1762 rujuarim
1075 1693 1177 1758 timent,

111 1773 314 1835 oontmebat,
327 1784 370 1834 et,
389 1771 410 1824 ei
424 1771 467 1824 vel
481 1770 552 1822 mala
568 1771 619 1842 ipsi
636 1772 731 1824 minari
743 1770 887 1836 videretur,
903 1772 1049 1840 irridebat,
1069 1789 1100 1829 ut
1117 1793 1177 1847 quaa

112 1874 204 1909 nooere
219 1875 275 1908 non
289 1868 380 1928 poaaet
393 1855 506 1926 aapieoti
524 1866 648 1925 reeteque
664 1854 772 1908 viventi.
794 1857 931 1923 Summae,
946 1857 998 1910 hoo
1016 1860 1090 1923 loco,
1112 1879 1177 1913 oon·

113 1951 224 2010 temptare
239 1933 347 2009 duplici
360 1936 478 1990 dictione
493 1937 658 2008 proverbiali
671 1939 837 2009 exprimitur.
853 1941 922 1992 Nam
936 1943 1046 2010 loqueum
1059 1949 1178 1996 mandere

113 2034 139 2073 et
149 2023 302 2086 suspendium
309 2022 352 2088 (ut
366 2018 437 2090 apud
451 2019 715 2091 Apul.lllet.1ll,p.
730 2021 791 2086 234,
808 2041 849 2086 ra,
858 2021 921 2074 edit.
929 2023 1053 2077 Elmenlr.
1062 2028 1177 2081 -Potena

112 2103 215 2175 jarenie
225 2101 261 2154 ad
278 2115 424 2155 extremam
443 2101 572 2153 ioaaniaoa
588 2120 681 2155 vecora
696 2103 871 2173 auependinnr
889 2121 943 2156 aeae
957 2107 1059 2176 legibue
1073 2122 1099 2163 et
1113 2111 1177 2182 ipaia

112 2189 235 2261 pauperie
246 2189 341 2241 aurinia
350 2207 383 2240 ao
396 2187 642 2258 propugnatoribus
656 2187 783 2240 mandare
796 2188 993 2259 proclamane,·
1002 2192 1055 2245 hoc
1066 2207 1119 2261 eet,
1131 2215 1177 2249 coa

112 2287 279 2327 contemnere
292 2285 319 2325 et
331 2269 459 2337 irridere)
469 2269 549 2321 alicui
560 2267 669 2334 dicitur,
681 2271 727 2340 qui
741 2289 802 2323 eum
817 2290 900 2343 oeque
915 2271 982 2326 adeo
996 2273 1121 2346 deapicit,
1133 2293 1177 2344 ut,

111 2361 133 2411 ai
144 2361 185 2412 rel
199 2361 301 2430 laqueo
316 2353 462 2428 suspendat
478 2372 521 2416 ee,
537 2351 566 2406 id
579 2353 648 2406 nihil
666 2365 756 2414 curet,
772 2355 815 2408 vel
831 2371 892 2408 eum
909 2357 983 2410 abire
995 2359 1101 2429 jubeat,
1113 2375 1177 2416 etae

532 2525 761 2544 ΜΜΜἊἏἈ

147 2662 155 2686 ¹
174 2655 260 2715 Quum
273 2647 342 2704 hnc,
354 2661 407 2710 quae
419 2647 447 2694 in
460 2645 529 2694 Urbe
542 2643 618 2702 fiunt,
664 2644 818 2692 ubioraaeior
827 2645 858 2693 ait
870 2661 918 2706 aer,
929 2655 956 2694 nt
964 2645 1064 2697 Thelale.
1077 2649 1173 2700 llenui-

115 2732 216 2780 necdum
234 2737 318 2776 noent
330 2736 439 2789 reperta,
457 2723 483 2770 id
502 2735 550 2781 eat,
567 2739 619 2770 ma·
664 2724 734 2772 uina:
749 2726 857 2784 «Recte,
871 2725 965 2788 lnquit,
979 2727 1078 2776 Curtios
1088 2729 1173 2779 obaer-

109 2815 150 2872 J'or
166 2807 282 2857 aeaeritaa
298 2815 323 2852 et
339 2805 420 2852 minor
435 2803 529 2850 vanitaa
543 2813 617 2862 caart;
664 2813 716 2862 rat,
728 2803 803 2863 v111,
819 2820 836 2866 9
851 2800 912 2867 (ubi
927 2805 983 2853 vide
996 2808 1172 2876 moirollum),

111 2891 191 2939 schol,
665 2881 764 2949 ingenia
778 2881 900 2930 homimem
913 2883 1118 2952 ubiquasormari
1126 2889 1174 2936 situ

150 2975 160 3002 ¹
177 2967 217 3015 Sic
226 2964 328 3014 Abdera
339 2961 417 3012 Cicer.
427 2960 458 3008 ad
467 2961 517 3009 aa.
527 2962 571 3014 IV,
582 2963 621 3019 ιδ,
665 2960 776 3010 locomm.
794 2963 867 3012 Ratio
879 2963 907 3011 in
920 2969 1051 3029 promptu3
1067 2984 1116 3028 aer,
1130 2969 1174 3032 qai

113 3049 202 3096 licitur
211 3047 292 3093 noma
304 3052 405 3106 propter
416 3052 621 3104 amporeoreena·
665 3040 749 3089 omnia
760 3041 895 3105 perapint,
912 3045 978 3091 varie
997 3061 1023 3093 ae
1040 3045 1114 3094 habet
1126 3063 1173 3112 pro

114 3139 204 3184 torum,
223 3121 360 3180 tulerim,
374 3120 425 3168 Cio.
441 3119 496 3167 Nat.
510 3120 581 3166 neor.
594 3120 620 3176 1,
665 3121 760 3168 ratione
778 3121 910 3169 climatum.
929 3123 1027 3172 Certum
1046 3141 1105 3174 vero
1120 3137 1174 3190 eet,

114 3209 155 3255 23,
168 3194 337 3271 Ᾰὲὣιιριταόν,
349 3199 399 3248 Cic.
413 3198 445 3246 ad
457 3201 506 3245 Aa.
520 3199 582 3256 Vll,
599 3211 621 3256 7.
665 3199 904 3248 anbtllioremaarem
912 3202 1014 3251 multum
1024 3205 1135 3254 conferre
1141 3207 1174 3254 ad

116 3284 274 3332 Atreum
287 3292 388 3345 pectora
401 3276 497 3343 plebis,
517 3275 622 3324 Martial.
666 3279 767 3344 apiritua
774 3281 927 3342 mhtilioree,
938 3283 986 3333 hoa
997 3299 1057 3332 aero
1068 3287 1174 3334 multum

118 3367 156 3422 1,
175 3365 222 3412 2⁵:
236 3360 409 3410 «Abderitanae
426 3373 509 3414 meua,
523 3356 621 3404 abdere
666 3359 697 3406 ad
713 3360 843 3424 agilitatem
856 3372 881 3408 et
896 3362 927 3410 ad
943 3362 1100 3412 anbtr'litatem
1112 3381 1173 3414 eon-

115 3442 230 3508 pnlelara,
254 3439 384 3488 Diomedia
408 3438 483 3501 equi,
506 3436 622 3484 Teiorum
665 3449 786 3503 captatum.
800 3439 971 3501 llinovidoaa,
984 3441 1172 3505 pleroaqnelta·

114 3523 221 3580 colonia,
234 3521 341 3569 Boeotica
357 3518 439 3577 auria,
455 3515 569 3564 Molchna
584 3530 621 3562 re·
665 3518 716 3575 loa,
726 3519 794 3566 Serae
802 3519 918 3580 „Galloa,
931 3529 975 3566 etc.
986 3520 1128 3583 prepollere
1137 3523 1174 3569 iu·

114 3613 183 3650 sonat
194 3601 255 3664 qnid
265 3599 413 3658 Boeoticnm,
422 3605 485 3643 eto.»
497 3594 622 3642 Britanni·
665 3596 738 3662 genio
750 3598 875 3656 Samuelis,
893 3598 1005 3656 llunoia,
1018 3609 1042 3646 et
1055 3601 1173 3652 liloachla.

114 3697 155 3730 ‘aaa
165 3677 486 3738 enuntiationem:
497 3672 621 3722 stomacho
666 3676 834 3724 Potentiaaima
853 3686 933 3724 tamen
947 3677 999 3726 baec
1011 3695 1096 3728 canan
1111 3681 1173 3730 mul·

115 3762 141 3806 ln
149 3759 286 3824 superbiam
294 3755 444 3818 eorom,qni
451 3754 498 3802 orti
505 3751 622 3817 unguina
665 3763 718 3802 tam
730 3755 837 3802 variatur
853 3754 884 3802 ab
901 3756 1070 3820 inetitutione,
1082 3760 1172 3811 edoca-

116 3855 219 3887 romano
230 3849 325 3886 ceteros
338 3834 543 3898 contempnet-int,
554 3843 579 3880 et
591 3847 623 3878 ox
667 3834 746 3892 tione,
761 3833 844 3892 diaeta,
855 3835 997 3894 itineribna,
1013 3839 1108 3890 culam
1117 3858 1173 3904 per.

115 3919 229 3966 Heracliti
242 3919 326 3982 (etiam
340 3915 496 3979 llippocratie
507 3913 623 3960 aliorum-
667 3912 741 3960 tinaci
759 3912 872 3976 ingenii,
891 3917 1095 3983 contemtione,¹
1108 3937 1176 3968 eom.

116 3995 177 4060 qaae)
186 3996 324 4055 sententia,
337 3993 380 4056 qui
391 3992 508 4049 affirmet,
519 3992 624 4038 animam
668 3991 771 4038 merciis.
788 3993 925 4040 Maximum
937 4010 1034 4058 qnoque
1050 3998 1095 4046 hac
1110 4000 1135 4046 in
1148 4015 1175 4046 re

116 4077 153 4123 ibi
175 4093 227 4124 esee
248 4073 451 4140 prudentiorem,
472 4072 516 4119 ubi
534 4087 576 4120 aer
595 4069 627 4118 alt
670 4079 821 4118 momentum
833 4073 926 4120 confert
940 4073 999 4142 berae
1013 4092 1065 4124 esse
1077 4090 1176 4133 nomm,

117 4155 218 4214 aiecior,
236 4164 265 4202 nt
280 4155 401 4213 Athenis,
420 4162 444 4200 et
462 4149 626 4209 hebetiorem,
671 4149 739 4214 quod
750 4151 1066 4217 paucissimiexpendunr..

247 4237 292 4301 11.
996 4235 1017 4294 6
