2992 4984
337 443 519 508 SATIRA
542 444 738 509 DECIMA
762 437 974 529 QUARTA.
1123 448 1185 515 313

159 553 298 625 Talibus
317 557 498 627 instantem
516 559 651 628 monitis
670 585 905 657 quemcunque
923 577 1092 658 parentem
1137 603 1186 638 ,ιο

115 667 168 735 sic
188 693 325 760 possem
341 669 438 740 ellari
454 695 462 739 τ
477 672 558 759 Dic,
572 697 593 740 o
610 672 801 760 vanissime,
820 672 893 766 quis
907 687 939 741 te

111 778 290 849 Festinure
302 779 419 874 jubet?
433 781 606 851 meliorem
621 797 742 877 praesto
756 784 914 878 magistro

109 886 349 982 Discipulum3
368 915 504 961 securus
520 893 575 960 abi
592 919 600 961 :
620 895 785 981 vinceris,
804 907 843 964 ut
858 895 944 988 Ajax

109 997 281 1069 Praeteriit
297 999 528 1089 Telamonem,
548 1016 585 1071 ut
598 1002 694 1072 Pelea
712 1003 794 1072 vicit
806 1003 965 1075 Achilles.

107 1107 325 1178 Parcendum
341 1112 466 1190 teneris
481 1137 489 1179 :
506 1112 660 1184 nondum
675 1111 856 1208 implevere
871 1111 1031 1186 medullas
1136 1127 1186 1182 ,ιε

106 1216 255 1288 Maturae
270 1219 358 1288 mala
374 1223 533 1316 nequitia
554 1247 566 1289 a
582 1247 687 1316 quum
703 1238 839 1316 pectere
855 1223 992 1296 barbam

105 1330 276 1423 Coeperit,
295 1345 329 1400 et
344 1328 436 1426 longi
454 1355 652 1402 mucronem
672 1332 849 1405 admittere
867 1333 983 1422 cultri,

105 1437 225 1508 Falsus
237 1441 306 1510 erit
320 1441 427 1526 testis,
442 1441 567 1510 vendet
580 1443 730 1535 perjuria
746 1465 876 1513 summa

105 1548 258 1642 Exigua,
278 1564 313 1617 et
329 1549 460 1620 Cereris
474 1565 615 1643 tangens
632 1575 792 1646 aramque
806 1552 1002 1647 pedemque.

106 1655 239 1726 Elatam
256 1660 329 1752 jam
347 1659 444 1728 crede
460 1684 603 1744 nurum,
624 1661 651 1728 si
669 1660 786 1730 limina
802 1678 910 1731 vestra
1137 1697 1187 1730 ²²0

106 1767 291 1838 Mortifera
308 1794 385 1838 cum
406 1770 484 1838 dote
499 1771 611 1839 subit:
630 1771 752 1865 quibus
768 1769 824 1851 illa
839 1787 1012 1866 premetur

108 1879 171 1946 Per
188 1903 350 1948 somnum
370 1876 496 1974 digitis!
519 1903 597 1947 uam
616 1904 691 1974 quae
709 1894 867 1976 terraque
884 1883 1037 1976 marique

110 1988 329 2080 Aequirenda
342 2004 457 2083 putas,
474 1989 609 2057 brevior
622 1990 675 2058 via
691 1990 844 2061 conferet
858 1991 915 2062 illi.

108 2096 234 2167 Nullus
248 2100 340 2168 enim
354 2100 469 2194 magni
484 2098 616 2168 sceleris
630 2098 726 2167 labor
741 2125 749 2168 ε
769 2102 842 2171 baec
856 2127 919 2195 ego
934 2126 1119 2196 numquam

108 2208 291 2296 Mandaei,
309 2209 400 2280 dices
420 2209 519 2296 olim,
537 2234 599 2278 nec
616 2209 697 2278 talia
713 2211 811 2280 suasi.
1010 2279 1011 2283 ,
1138 2227 1187 2280 2²5
1250 2207 1254 2216 ⁴

109 2319 239 2388 Mentis
254 2343 370 2388 caussa
382 2317 478 2388 malae
493 2334 605 2390 tamen
621 2332 716 2390 estet
728 2319 824 2412 origo
838 2344 942 2414 penes
960 2337 1006 2398 te.

111 2431 198 2502 Nam
216 2430 366 2524 quisquis
379 2430 493 2523 magui
510 2453 629 2499 census
642 2430 804 2524 praecepit
821 2455 986 2518 amorem,

147 2665 216 2706 uro.
238 2651 302 2726 Ego
322 2669 393 2720 ,vero
412 2661 524 2726 petrem
544 2652 704 2740 quemlibet
723 2653 789 2710 talia
809 2654 870 2710 baec
890 2664 1034 2730 praecepta
1053 2651 1115 2710 filio
1135 2671 1188 2710 suo

109 2739 304 2799 inculcantem
323 2744 363 2798 sic
380 2743 504 2801 libenter
523 2744 708 2819 alloquerer:
721 2744 874 2820 Agedum,
895 2746 986 2803 homo
1005 2744 1190 2802 inconsultis-

111 2833 189 2907 sime,
202 2855 257 2892 cur
267 2836 306 2892 ita
319 2855 459 2912 properas
473 2834 567 2892 filium
582 2837 619 2892 ad
629 2836 779 2894 avaritiam
795 2836 966 2896 instituere?
979 2838 1116 2914 Spondeo
1126 2836 1189 2894 sore

111 2937 141 2980 ut
160 2927 249 2985 brevi
272 2927 429 3003 discipulus
451 2929 620 3004 magistrum
647 2940 764 3004 superet
771 2951 779 3000 3
805 2929 940 3002 confide,
964 2930 1089 3006 nequior
1107 2941 1190 3005 putre
1272 2993 1275 3000 ¹

112 3017 179 3076 tilius
198 3022 271 3094 erit,
292 3034 325 3078 ut
343 3021 399 3078 fuit
412 3021 484 3096 Ajax
497 3024 654 3079 Telamone
665 3034 747 3098 patre
760 3041 813 3078 suo
828 3023 944 3094 fortior,
959 3023 1084 3080 Achilles
1093 3023 1187 3079 Peleo.

112 3117 192 3174 Nunc
207 3118 360 3194 ignoscere
375 3117 463 3174 debes
478 3118 553 3174 aetati
570 3117 645 3173 illius
666 3115 806 3174 teneriori
821 3135 908 3190 quam
921 3127 956 3172 ut
970 3114 1088 3172 intimos
1101 3113 1190 3172 animi

112 3225 234 3266 recessus
248 3208 435 3284 impleverint
440 3208 501 3282 jam
512 3207 620 3266 semina
633 3207 774 3265 vitiorum
787 3207 964 3266 maturiora:
977 3219 1109 3284 exspecta
1119 3227 1190 3284 pau·

112 3298 203 3375 lisper,
217 3300 289 3357 dum
305 3299 425 3356 barbam
436 3311 564 3376 pectere,
583 3311 613 3356 et
627 3299 709 3376 longi
725 3300 812 3356 cultri
825 3300 886 3358 acie
908 3320 1037 3360 resecare
1054 3301 1188 3376 roeperit,

113 3391 210 3450 salsum
226 3393 306 3450 dicet
321 3394 535 3458 testimouium,
555 3394 686 3450 venalem
707 3391 745 3448 ad
762 3391 890 3468 perjuria
905 3393 1043 3468 quelibet
1062 3394 1190 3468 linguam

11 3545 12 3556 ,
112 3485 227 3544 minimo
239 3485 336 3561 pretio
350 3485 481 3556 addicet,
495 3505 549 3542 nec
564 3485 679 3542 Cereris
694 3504 773 3542 aram
789 3505 822 3541 ac
834 3495 957 3542 statuam
967 3485 1047 3542 inter
1056 3483 1190 3559 pejeran-

114 3575 178 3634 dum
192 3588 310 3654 tangere
328 3575 483 3636 dubitabit.
499 3579 563 3634 Jam
580 3578 765 3651 exploratum
780 3575 855 3632 habe
868 3577 955 3634 sunus
972 3587 1028 3631 tuae
1043 3593 1150 3647 numia,
1165 3574 1192 3630 si

113 3668 226 3728 domum
244 3671 294 3728 illa
309 3680 433 3726 vestram
454 3668 620 3746 ingreditur
634 3687 700 3725 cum
717 3668 823 3744 grandi
843 3668 930 3739 dote,
954 3670 993 3726 ob
1009 3687 1095 3743 quam
1110 3685 1189 3724 mors

114 3760 196 3836 ipsam
217 3774 326 3819 manet.
345 3763 388 3820 Ut
411 3761 460 3818 ille
483 3781 544 3820 non
566 3760 772 3818 cunctantibus
793 3780 826 3817 ac
847 3759 955 3817 timidis
976 3761 1074 3838 digitis
1093 3761 1190 3816 fauces

112 3855 192 3910 uxori
205 3853 365 3915 dormienti
376 3855 478 3914 elidet!
493 3856 572 3925 Quas
584 3854 662 3912 enim
675 3872 745 3929 opes
760 3864 838 3911 terra
850 3864 879 3910 et
889 3853 963 3911 mari
975 3853 1189 3931 conquirendas

114 3946 269 4018 arbitraris,
292 3965 338 4004 eas
355 3927 416 4024 ipse'
434 3948 566 4009 breviori
588 3968 621 4004 ac
637 3947 769 4024 perfacili
784 3948 831 4004 via
853 3948 1042 4023 comparabit.
1064 3949 1189 4004 Maxima

116 4037 216 4116 quippe
225 4042 333 4098 scelera
345 4041 427 4100 nullo
442 4040 561 4118 negotio
575 4052 793 4117 perpetrantur.
810 4041 889 4098 Olim
902 4053 933 4100 tu
947 4043 1064 4118 quidem
1074 4041 1151 4100 dices
1162 4051 1189 4097 te

117 4148 270 4208 numquam
284 4134 345 4192 baec
359 4133 404 4190 illi
416 4134 600 4210 praecepisse,
617 4151 777 4210 numquam
791 4135 828 4192 ad
842 4135 902 4194 baec
917 4133 1024 4213 flagitia
1041 4136 1189 4192 hortatum
1264 4131 1267 4137 ’

12 4297 13 4304 ¹
115 4241 177 4282 usse.
191 4229 269 4284 Vere
285 4227 421 4302 quidem;
440 4238 566 4286 attamen
581 4247 620 4298 ‚ex
637 4239 666 4285 te
679 4228 807 4286 nascitur
820 4227 904 4304 origo
924 4239 952 4286 ct
966 4247 1062 4286 caussa
1078 4225 1188 4282 vitiose
