3074 4990
302 423 503 490 ssrrnn
527 425 1015 497 remuneraturus.
1149 437 1192 519 49

583 645 732 659 *—

401 877 635 964 SATIRAE
670 875 924 966 DECIMAE

545 1053 771 1110 ANALYSIS.

161 1291 253 1350 Satira
261 1292 324 1350 haec
334 1267 470 1368 praeclara
483 1302 540 1364 est,
552 1303 582 1348 et
595 1291 628 1348 in
638 1289 849 1366 perfectissimis
862 1289 1010 1350 luvenalis
1021 1292 1194 1353 carminibus

123 1398 351 1468 adnumeranda,
362 1417 426 1474 qnae
437 1408 533 1455 tamen
543 1396 719 1454 tractationis
726 1394 817 1472 magis
827 1395 1033 1474 philosophicae
1042 1401 1090 1456 vel
1099 1400 1195 1460 decla-

123 1503 271 1574 mationis,
284 1523 374 1579 qnam
387 1481 479 1560 satirae
493 1500 617 1577 speciem
631 1521 690 1577 praa
704 1521 735 1559 se
755 1500 832 1558 serre
851 1499 978 1561 ridetur.
992 1506 1081 1562 Poeta
1095 1517 1195 1566 noster

121 1606 221 1679 docet,
233 1608 366 1665 homines
380 1618 494 1665 tanturn
506 1625 566 1663 non
579 1625 678 1664 omnes
691 1626 795 1683 parum
810 1607 988 1686 intelligere,
1005 1629 1068 1686 quae
1082 1630 1152 1668 vera
1166 1625 1195 1670 et

121 1731 186 1786 quae
207 1713 324 1787 opinata
344 1713 402 1769 sint
416 1713 506 1784 bona,
523 1731 643 1787 eamque
663 1713 703 1769 ob
723 1731 835 1770 causam
854 1714 989 1772 omnibns
1009 1716 1099 1791 vulgo
1118 1717 1195 1774 votis

121 1827 273 1891 expetere,
286 1837 352 1893 qnae
362 1817 419 1874 sibi
429 1817 560 1875 nocitura
572 1817 638 1873 sint
651 1816 726 1874 Hinc
740 1819 891 1878 rhetorum
899 1837 998 1890 more,
1010 1839 1097 1895 quem
1108 1820 1195 1878 etiam

120 1923 154 1977 in
169 1923 229 1980 sat.
242 1923 316 1980 XIII
337 1935 475 1999 sequutus
495 1935 550 1995 cst,
566 1923 693 1998 primum
706 1922 738 1978 in
753 1922 876 1981 exordio
896 1923 978 1998 quasi
992 1923 1123 1981 breviter
1135 1945 1195 1984 me·

120 2039 233 2100 morat,
243 2028 349 2086 deinde
363 2028 479 2104 copiose
489 2027 674 2102 persequitur
684 2047 717 2086 ea
731 2029 822 2100 bona,
834 2047 962 2105 qnorum
975 2030 1131 2106 cupiditate
1143 2034 1196 2091 de-

116 2128 417 2208 siderioqnemaxime
427 2131 574 2202 ardemus,
587 2141 617 2187 et
622 2149 709 2206 qnam
715 2130 803 2188 noxia
810 2131 975 2208 optantibus
983 2152 1014 2190 ea
1022 2136 1194 2213 plerumque

114 2239 178 2296 sint
189 2259 224 2296 ao
234 2239 358 2307 suerint,
372 2235 523 2312 aptissimis
536 2235 664 2292 ostendit
672 2237 827 2312 exemplis,
843 2255 879 2294 ex
889 2237 1010 2296 historia
1021 2239 1192 2318 desumptis;

114 2361 182 2418 qua
191 2341 313 2416 quidem
327 2340 435 2416 optima
446 2337 592 2414 probandi
601 2338 676 2394 ratio
691 2351 743 2396 est.
755 2341 895 2417 Exempla
905 2341 984 2398 enim
996 2344 1033 2400 ad
1045 2363 1118 2418 rem,
1129 2368 1193 2424 qnae

115 2447 297 2522 explicatur,
311 2443 490 2521 perspicuam
504 2441 589 2498 nobis
605 2442 786 2500 reddendum
805 2446 892 2522 longe
911 2446 976 2520 plns
990 2449 1090 2506 valent
1106 2471 1193 2528 argn-

114 2553 237 2622 mentis,
245 2549 441 2625 cfficinntqne‚
450 2561 486 2605 nt
492 2549 585 2606 lector
595 2545 638 2603 rei
648 2547 811 2620 veritatem,
818 2560 907 2625 'qnam
917 2557 999 2606 antea
1008 2568 1194 2628 perspexerat

113 2657 266 2727 universe,
276 2675 355 2712 nunc
365 2654 447 2731 quasi
456 2665 522 2710 ante
532 2652 633 2709 oculos
645 2651 752 2708 rideat.
764 2655 800 2710 In
809 2653 863 2710 hac
873 2653 991 2730 quidem
1003 2653 1192 2730 dispositione

111 2766 245 2842 partium
258 2774 289 2820 et
303 2761 523 2835 conjunctione,
535 2758 628 2836 qualis
641 2757 727 2816 etiam
740 2769 783 2816 est
794 2758 893 2818 insat.
906 2760 949 2816 VI
963 2770 993 2816 et
1002 2761 1094 2833 xm,
1113 2767 1193 2823 nulla

111 2869 247 2926 cernitur
260 2885 308 2924 ars
320 2865 432 2941 poetica
443 2863 529 2940 (nam
539 2863 658 2940 singulae
669 2881 704 2918 eo
720 2863 824 2920 ordine
839 2880 929 2938 eaque
942 2863 1122 2938 transitione,
1135 2886 1192 2942 qua

110 2977 145 3032 in
159 2971 370 3032 declamatione
383 2969 491 3046 aliqua,
507 2969 563 3028 sibi
583 2968 741 3026 succedunt
750 2967 777 3044 );
795 2977 826 3022 at
844 2975 924 3022 tanto
938 2965 1031 3040 major
1044 2967 1076 3023 in
1091 2989 1191 3028 esrum

109 3080 322 3151 exornatione,
336 3095 400 3152 (με
414 3073 592 3133 admirabilis
607 3083 650 3130 est
663 3083 692 3130 et
703 3069 946 3136 excellentissima.
958 3071 1088 3130 a-Idem
1102 3093 1190 3152 argn-

108 3197 260 3254 mentnm,
274 3191 380 3260 praeter
392 3178 704 3255 Luciannm(1carom.
718 3194 784 3252 pag.
800 3173 873 3246 205,
887 3187 917 3232 et
928 3166 1030 3252 Navig.
1042 3195 1093 3233 seu
1104 3179 1189 3251 Vota,

111 3309 185 3367 pag.
200 3297 267 3366 l9r,
288 3300 360 3345 tom.
381 3287 424 3356 Il,
448 3284 516 3342 edit.
531 3280 648 3360 Graev.)
662 3293 692 3339 et
712 3282 898 3339 Aristotelem
913 3280 1043 3356 aliosque
1057 3285 1189 3357 Graecos,

110 3412 243 3471 qnorum
255 3392 325 3450 libri
337 3388 396 3468 napi
407 3391 519 3464 Εόχῆςα
533 3386 648 3444 Inertio
658 3396 687 3443 et
697 3388 801 3444 Pmclo
812 3386 976 3457 laudantur,
988 3387 1103 3462 copiose
1115 3399 1189 3448 trac-

109 3499 193 3558 tavit
202 3499 279 3556 Plato
288 3497 321 3554 in
333 3495 428 3554 Alcib,
441 3495 486 3565 II,
499 3493 550 3569 qui
559 3492 704 3570 dialogus,
714 3492 818 3568 passim
829 3492 860 3548 in
873 3493 1035 3552 Comment.
1046 3493 1187 3565 laudatus,

105 3605 240 3666 Socrafis
251 3602 384 3662 continet
398 3597 561 3658 doctrinam
574 3597 611 3654 de
622 3595 770 3672 precibus,
792 3615 877 3672 quarn
891 3596 922 3651 in
937 3593 1094 3668 Epitomen
1107 3599 1189 3672 quusi

105 3711 253 3786 redegere
269 3707 408 3782 Xenoph.
423 3703 585 3761 Memorab.
601 3703 713 3760 socrat.
727 3701 757 3769 1,
775 3700 804 3770 3,
825 3718 850 3769 r,
865 3709 894 3755 et
914 3699 1187 3771 Valer.Max.V11,

106 3837 146 3886 a,
161 3825 221 3870 ent.
240 3833 267 3881 1,
282 3829 412 3888 qnorum
429 3808 518 3866 verba
538 3806 614 3864 int'ra
633 3805 672 3863 ad
685 3823 728 3860 vs.
752 3803 808 3875 347
825 3821 883 3880 seq.
900 3803 1046 3880 adscripsi.
1061 3805 1188 3862 Platonis

103 3921 260 3996 dialogm
274 3917 423 3976 Iuvenalis
436 3926 504 3973 ante
518 3915 618 3972 oculos
631 3911 763 3970 habuisse
778 3910 906 3983 videtur,
921 3911 974 3969 etsi
988 3921 1078 3970 totam
1097 3931 1134 3970 cx
1151 3931 1187 3969 eo

103 4029 235 4086 satiram
250 4043 416 4102 expressam
430 4041 489 4080 csse
507 4020 592 4078 nohis
605 4037 667 4076 non
683 4015 823 4093 persuasit
837 4017 971 4075 Heinsius
987 4017 1023 4074 de
1038 4017 1098 4075 Sat.
1113 4019 1186 4076 Hor.

103 4153 175 4210 pag.
194 4149 258 4204 ¹⁰7·
273 4132 309 4186 In
320 4127 446 4186 secunda
458 4125 542 4182 etiam
556 4123 647 4182 Persii
662 4121 756 4180 Satira
769 4122 955 4198 reperiuntur
965 4123 1096 4198 quaedam
1107 4125 1188 4182 velut

196 4235 243 4301 ll.
1013 4231 1035 4304 4
