3030 4984
268 381 271 388 Ι
315 454 377 520 ¹9⁰
469 427 641 496 vttuAE
663 429 1219 500 LECTIONESETNOTAE

311 549 370 598 Ver.
380 551 444 598 beet.
453 549 492 606 Χ,
502 548 525 594 e.
539 546 685 596 Pirreetrmte
697 547 744 598 ulia
754 547 921 606 Tnubmauni,
935 546 967 594 ab
979 563 1009 596 eo
1020 546 1117 596 laudata
1129 551 1161 598 ad
1176 551 1252 598 Plaut-
1264 549 1336 597 Pera.
1346 548 1383 608 V,

313 635 389 694 ’,66
401 631 466 680 Pede
475 630 541 678 nudo
549 631 612 680 liber
622 633 674 680 Jae.
687 631 816 696 Sebegkii,
826 632 870 695 qni
878 631 905 678 iu
915 630 1031 680 Prmitr.
1043 641 1066 678 et
1075 630 1147 680 Obea.
1158 631 1232 697 Epist.
1241 649 1264 681 6,
1277 627 1301 689 5,
1312 630 1383 678 bane

310 714 440 762 lectionem
453 713 575 773 defendit,
591 725 617 762 ut
630 731 684 762 mor
695 717 835 763 Grreoornm
847 715 973 771 innuatur,
986 729 1048 777 quor
1059 713 1087 759 in
1099 715 1220 763 convitiie
1231 713 1318 762 nudor
1331 711 1382 758 eal·

311 807 373 844 taree
386 797 463 862 (pede
476 796 549 844 Iidem
560 798 675 860 pulsasse
687 811 789 858 terram,
799 799 860 844 lior.
875 797 923 844 06.
935 799 960 855 l,
975 797 1015 859 37,
1030 793 1066 859 r),
1081 795 1170 845 dnoent
1188 797 1340 853 Albenaene,
1357 803 1383 842 et

310 881 361 930 Cio.
374 881 421 928 Pir.
437 895 473 928 ro.
489 907 524 918 -
538 881 599 943 Qnte
616 881 747 941 lentinum,
765 896 841 944 quum
858 895 910 927 666
927 879 1063 926 arriderent
1078 879 1146 942 aliia,
1162 879 1210 927 dici
1223 879 1267 927 vix
1282 887 1381 944 potest,

310 975 460 1027 quantopere
478 963 504 1010 iu
523 963 554 1010 iit
570 962 729 1012 emendrndie
746 979 845 1028 operam
862 963 971 1010 luserint.
992 963 1102 1011 Potioeer
1119 977 1203 1010 eorum
1220 963 1383 1022 conjectum

309 1045 393 1110 prucis
412 1045 560 1094 rerenrnirre
575 1043 688 1093 eufficiet.
703 1071 737 1082 -
757 1045 906 1092 Paedoemere
918 1045 1086 1108 suspirabatur
1099 1045 1177 1094 Credi.
1196 1045 1334 1092 Miuutiru.
1350 1041 1383 1090 de

310 1129 428 1194 Ortbogr.
444 1139 468 1176 et
477 1129 605 1191 pedemonte
619 1129 661 1195 (ut
674 1129 764 1195 legitur
778 1128 803 1176 iu
817 1129 860 1188 63,
874 1128 916 1184 ot,
928 1130 975 1188 69,
990 1128 1021 1176 ad
1033 1143 1110 1192 murg.
1123 1145 1165 1190 71,
1178 1129 1226 1189 73,
1241 1126 1289 1191 74)
1305 1127 1382 1190 Bapt-

309 1213 395 1276 Egurt.
407 1213 504 1260 flerem.
515 1227 537 1260 6.
550 1228 595 1272 ¹7²
610 1211 725 1259 lieodaenr
736 1203 807 1259 Miro.
821 1211 854 1270 V,
867 1213 910 1266 ad,
921 1221 945 1258 et
957 1211 1015 1258 brit.
1031 1222 1057 1260 nt
1072 1211 1110 1260 vel
1126 1211 1266 1276 deriguntur
1280 1203 1383 1270 βίὸασις

310 1293 452 1354 motui,
468 1311 546 1358 penne
564 1295 713 1355 stitutionis,
733 1293 823 1342 irrideo
837 1294 980 1358 poderem,
997 1289 1134 1362 6666666,
1151 1296 1229 1356 teitu,
1243 1295 1284 1343 vel
1302 1293 1383 1342 oeleti

309 1377 401 1443 pedum
415 1378 563 1436 mobilitate,
580 1379 606 1425 in
619 1377 714 1433 oriem,
725 1391 799 1440 gyros
810 1385 833 1423 et
843 1376 971 1440 ambeger,
984 1377 1047 1426 cirea
1060 1379 1186 1427 tibicinem
1198 1379 1225 1426 iu
1239 1377 1325 1426 medio
1342 1392 1384 1424 re·

309 1461 409 1510 dentem
418 1472 491 1524 atque
500 1474 626 1508 canentem
633 1495 641 1518 ,
649 1459 759 1508 exercite
767 1457 828 1523 (rid.
839 1459 940 1518 Pollux,
950 1470 974 1508 et
984 1461 1082 1510 buniam.
1091 1461 1124 1518 de
1130 1461 1212 1510 saltet.
1224 1477 1246 1509 6.
1257 1476 1300 1518 ro,
1310 1461 1384 1526 Opp.

309 1555 369 1595 tom.
381 1547 425 1604 tv,
437 1561 492 1609 pag.
510 1545 558 1604 ³⁴7
574 1559 624 1606 req.
638 1543 677 1592 ed.
693 1539 824 1603 Submid.),
838 1541 888 1601 vel,
900 1557 953 1604 qna·
966 1541 1061 1590 brudei
1072 1543 1192 1590 tententia
1205 1553 1255 1603 eet,
1266 1542 1335 1590 ordis
1349 1541 1385 1590 eit

309 1627 416 1692 bgneum
436 1637 591 1692 tympeuuru,
609 1626 636 1674 iu
654 1624 722 1689 qnod
739 1624 894 1684 deeilueriut,
912 1624 1028 1687 quodque
1043 1624 1119 1674 modo
1137 1626 1252 1676 ruitanter
1268 1625 1382 1674 6666666-

309 1710 426 1760 duxerint
436 1710 553 1775 pedibus,
567 1709 642 1758 modo
653 1723 698 1772 per
710 1708 811 1770 longum
823 1708 927 1772 epatium
937 1725 1011 1772 nuper
1024 1719 1114 1758 etentee
1124 1725 1175 1757 nuo
1187 1711 1280 1774 impetn
1298 1705 1386 1759 lubri-

309 1795 392 1843 cando
402 1795 553 1859 rgiteverint.
563 1821 600 1832 -
610 1791 774 1855 Pr'tylirrnate,
791 1789 984 1852 vetpycr'lismare
997 1793 1063 1852 oonj.
1077 1791 1210 1840 Politiaunt
1220 1792 1247 1840 iu
1256 1793 1331 1841 Mire.
1339 1796 1382 1850 Π,

310 1879 353 1938 37,
365 1879 412 1938 38,
422 1887 446 1924 et
457 1877 507 1926 inl.
516 1877 602 1940 Scalip.
619 1873 688 1924 Poet.
702 1877 729 1930 1,
741 1891 787 1933 nu,
798 1874 866 1921 nteit
875 1874 1016 1922 exercitatio
1028 1875 1054 1921 iu
1066 1875 1184 1922 66666666
1198 1873 1259 1939 (rid.
1268 1874 1380 1939 Corum.)

309 1962 383 2017 laun,
399 1975 447 2022 qne
464 1959 520 2024 quir
538 1958 639 2006 rummir
657 1957 763 2021 pedibnt
781 1955 922 2020 itrgrediena
940 1973 1027 2006 menne
1044 1956 1197 2021 protenderit
1215 1957 1405 2021 nniuimeqne·

296 2035 428 2102 moverit,
442 2043 541 2090 niterent
552 2052 699 2100 retrorrnm,
708 2040 807 2088 alteram
819 2056 947 2103 promum,
962 2039 1054 2102 dequo
1066 2039 1255 2088 rid.Galen.11.
1269 2066 1305 2076 -
1319 2043 1383 2088 Pet-

308 2136 412 2174 teumate
428 2126 519 2190 recepit
534 2122 636 2176 Farnab.
652 2141 684 2172 ex
695 2124 793 2173 entend.
808 2125 898 2172 blut-eti
910 2125 936 2172 iu
949 2125 1007 2172 Vnt.
1021 2125 1085 2172 lect.
1103 2125 1141 2183 Χ,
1155 2126 1189 2184 6,
1202 2123 1245 2172 nbi
1258 2123 1312 2172 bteo
1325 2140 1383 2174 vox

310 2208 440 2256 deducitur
455 2224 469 2254 a
486 2209 529 2255 Gr.
547 2206 677 2268 utrrtirtw,
695 2208 748 2256 ratis
766 2223 809 2256 een
826 2206 935 2266 caleula'r,
951 2205 1058 2266 πιποὶς,
1074 2217 1101 2256 nt
1117 2206 1143 2256 b.
1161 2207 1208 2256 loe.
1224 2205 1383 2272 siguifioetur

311 2291 379 2338 diver
388 2289 446 2338 alen
455 2291 536 2339 studio
546 2290 658 2348 deditur,
671 2291 714 2353 qui
726 2307 835 2339 mennam
846 2308 878 2339 ex
890 2307 1011 2340 marmore
1022 2291 1143 2340 hennino
1154 2291 1250 2340 ereidue
1263 2290 1380 2338 ludendo

309 2373 419 2431 lubricet,
432 2373 480 2421 boc
490 2382 536 2433 ert,
549 2373 633 2438 poliat.
647 2373 721 2422 Cous.
736 2391 773 2424 rr.
785 2391 836 2438 req.
847 2402 881 2412 -
891 2373 1059 2436 Pjreirmtrte,
1070 2373 1108 2422 vel
1120 2383 1269 2438 pyreyrmnte
1281 2363 1378 2437 ooriig.

309 2457 417 2506 Aleiatnr
433 2457 528 2521 Par-erg.
537 2457 591 2507 Jur.
602 2457 653 2516 Vl,
667 2459 694 2516 3,
707 2459 774 2505 nteit
785 2458 927 2506 exercitatio
937 2457 1046 2520 quiedam
1056 2459 1179 2504 laeonnm
1187 2491 1195 2517 ,
1204 2455 1242 2504 vel
1251 2453 1383 2504 nudorum

309 2539 412 2604 oleoque
433 2550 577 2598 unctorum,
596 2539 787 2604 36666666τί6,
805 2543 940 2602 laconico,
955 2538 1088 2608 treptipert
1107 2555 1150 2587 reu
1166 2535 1324 2606 πυριατηρίῳ.
1343 2563 1382 2576 -·

310 2625 474 2687 Ρωρςγειηαεο
487 2623 641 2671 Memoriali·
652 2624 705 2670 Art.
716 2625 808 2687 Gymu.
820 2627 846 2684 1,
863 2641 906 2684 ro,
919 2637 1007 2688 putent
1018 2624 1121 2690 intelligi
1134 2623 1292 2688 petulentiam
1304 2623 1383 2671 ditio·

310 2723 380 2770 rtrm,
399 2707 443 2773 qui
460 2707 537 2755 multo
557 2718 629 2772 rpnto
647 2705 835 2774 (προπτύοντις,
854 2708 1025 2774 impotenter)
1043 2707 1197 2772 irrigaverint
1211 2707 1382 2768 Laconicum,

310 2791 410 2855 ejurqne
428 2791 593 2855 perimentum
613 2789 802 2851 lubricaverint,
819 2801 846 2840 nt
861 2791 928 2839 ieoile
938 2792 993 2854 quit
1005 2790 1091 2838 cadere
1100 2790 1260 2856 6616666-
1275 2787 1383 2836 eiecere-

308 2886 373 2924 mate
387 2875 478 2924 llberb.
493 2874 625 2934 Mollem,
639 2875 682 2939 qni
692 2876 755 2924 bauo
770 2876 900 2924 lectionem
917 2875 1014 2924 Lubino
1031 2875 1142 2939 probavit
1157 2873 1267 2922 excitati·
1284 2874 1384 2938 eliquat

308 2969 417 3008 veterum
428 2960 575 3028 ecriptornm
587 2959 659 3014 locir,
673 2960 737 3024 iupr.
751 2959 859 3008 turiani.
871 2985 905 2996 -
919 2958 1055 3022 Pygtltrrrnte
1064 2959 1127 3023 Lipu.
1140 2958 1217 3022 Epirt.
1229 2959 1322 3020 Qutett.
1332 2959 1382 3020 tv,

311 3043 352 3099 65,
364 3041 408 3088 ubi
417 3052 512 3098 monet,
523 3039 633 3112 πύγισμα
646 3053 724 3106 poene
733 3041 813 3088 Siculo
828 3040 875 3088 diei
887 3041 1085 3106 praedit-ationem
1093 3074 1100 3096 ,
1108 3051 1132 3089 et
1146 3041 1249 3090 verbum
1258 3039 1382 3090 lubricam

309 3121 418 3170 oberreni
427 3121 488 3186 qnid
498 3125 625 3186 preferre,
637 3123 718 3170 orbem
730 3139 788 3170 rero
798 3124 932 3170 lacedem.
945 3134 1039 3188 purtem
1050 3123 1130 3170 vocari
1139 3140 1262 3182 avertam,
1271 3134 1294 3172 et
1307 3121 1382 3172 diviti

309 3221 399 3268 pueror
411 3203 539 3254 Laeedaem.
553 3207 641 3263 tribui,
654 3207 770 3269 quonium
783 3222 810 3252 ea
820 3211 879 3270 geue
888 3206 1014 3253 Jnreuulit
1024 3216 1133 3268 tempore
1143 3207 1248 3254 maxime
1257 3208 1339 3256 mollit
1354 3217 1381 3256 et

308 3287 379 3352 pueri
392 3287 450 3334 inde
463 3287 563 3335 oriundi
574 3287 602 3334 in
614 3287 733 3335 nobilium
752 3288 844 3338 deliciir
859 3289 957 3336 luerint.
970 3285 1044 3337 Conl-
1057 3288 1172 3338 Pbiloetr.
1189 3289 1240 3338 Vir.
1259 3291 1380 3354 Apellen.

309 3374 354 3431 tv,
364 3381 388 3420 et
398 3373 471 3419 Mart.
483 3373 528 3432 rt,
543 3373 584 3428 55,
600 3375 625 3430 6,
642 3391 663 3435 7.
672 3399 707 3409 —
718 3375 882 3435 Poppyrmnre
893 3373 987 3420 Flavius
997 3373 1138 3432 Conientatr.
1149 3389 1170 3422 6.
1184 3373 1226 3428 51.
1237 3374 1281 3421 ubi
1294 3374 1382 3436 docet,

309 3457 383 3508 verba
390 3473 544 3523 poppysma,
557 3473 601 3505 reu
613 3457 711 3506 nibilum
720 3459 729 3522 (
738 3457 786 3506 rid.
798 3473 870 3520 eupre
881 3455 912 3506 ed
925 3458 972 3514 Vl,
984 3453 1047 3513 584,
1059 3458 1087 3504 iu
1095 3455 1205 3521 Comen.)
1215 3457 1383 3516 ,etlultn‘een

309 3541 341 3590 de
353 3557 380 3590 re
391 3541 506 3590 obecorua
518 3539 643 3599 adhiberi,
659 3551 684 3588 et
696 3540 776 3588 erlem
786 3539 921 3588 incedam.
933 3556 985 3587 eree
996 3549 1079 3598 neree,
1089 3549 1133 3588 ant
1138 3551 1313 3606 praeponerem
1326 3541 1379 3590 Ve-

309 3641 408 3684 nerem,
423 3625 540 3690 quouiam
558 3625 690 3688 Spartam
704 3625 811 3688 primum
828 3623 859 3671 ad
873 3622 1009 3670 rtbleticrm
1023 3622 1128 3670 nudaare
1143 3637 1261 3686 corpore,
1277 3633 1302 3670 et
1317 3623 1379 3672 iude

310 3709 439 3757 libidinem
452 3709 478 3754 iu
488 3723 578 3772 pueroe
591 3707 723 3762 examine,
734 3705 829 3754 trudunt
838 3703 950 3768 Thucyd.
961 3715 985 3752 et
994 3705 1088 3754 Gioero.
1100 3733 1134 3743 -
1147 3706 1244 3770 Lipeinr
1253 3706 1300 3753 166.
1310 3706 1379 3757 laud.

311 3791 382 3847 dicit,
390 3790 441 3838 iar.
451 3790 546 3837 Surium
560 3790 676 3847 tuatiree,
688 3799 715 3836 nt
724 3804 769 3852 pro
778 3788 857 3835 orbem
867 3786 1054 3836 substitueretur
1061 3788 1144 3836 erdmn
1153 3825 1161 3848 ,
1170 3773 1219 3836 lion
1228 3797 1275 3848 en,
1292 3805 1378 3838 renem
1448 3816 1452 3826 ·

310 3871 412 3931 orbum,
427 3868 526 3918 divitem
536 3889 564 3919 uo
577 3871 682 3930 loednm,
701 3873 744 3934 qui
757 3871 840 3922 neseio
849 3871 910 3935 quid
920 3871 1029 3919 obeooeni
1041 3871 1138 3930 lecerit,
1148 3873 1187 3919 vel
1198 3873 1281 3935 potine
1290 3888 1378 3936 partun

311 3956 349 4004 uit.
358 3979 393 3993 -
403 3955 488 4002 Urbem
499 3955 586 4018 legitur
596 3957 624 4003 iu
636 3957 681 4014 ²33
695 3956 785 4020 inepte.
794 3983 827 3994 -
840 3956 900 4004 vid.
911 3966 994 4004 notam
1002 3957 1149 4014 Crammeri,
1159 3971 1215 4021 prg.
1228 3965 1287 4020 lep.
1296 3957 1341 4006 ru.

346 4075 415 4126 Nor.
439 4073 494 4144 ¹73·
514 4073 622 4136 Divitis,
640 4075 744 4145 opinor,
757 4075 873 4128 hominio
893 4075 1038 4146 descriptio
1058 4086 1085 4126 et
1099 4074 1249 4146 magnificor
1262 4075 1374 4142 domur,

277 4175 281 4185 ·
312 4154 357 4208 666
371 4154 448 4209 valde
462 4157 589 4221 6666666,
602 4155 673 4210 6666
684 4158 729 4212 rix
739 4177 900 4232 quemquam
909 4159 991 4214 ulline
1000 4158 1139 4232 roriptorir
1150 4159 1241 4214 lorum
1249 4161 1381 4233 reperire,
