3036 4984
367 429 428 506 184
526 427 695 494 thtAE
717 427 1008 493 LECTIONES
1031 429 1093 492 ET
1116 429 1267 494 NO'l'AE

361 543 914 612 fermstrrsetoris.ltlansossnisser1bendnnn
928 563 980 594 esse
992 546 1065 606 dicit,
1080 558 1103 595 er
1116 563 1146 595 ex
1163 547 1221 611 ipsis
1235 545 1315 595 verbis
1322 553 1413 609 patere,

337 652 339 656 ¹
363 627 423 691 qnid
437 629 469 675 sit
476 629 571 693 fartum
585 627 667 692 ofslloe
676 628 787 690 exiguae,
796 629 1135 694 seilicetgenuslarcitninise
1145 629 1254 693 reliqniis
1266 627 1415 678 remissaria

362 719 386 756 et
403 710 515 758 minutim
526 711 640 764 muriae.
650 725 700 773 quo
711 709 823 768 mium,
835 711 884 759 lnoo
892 723 942 774 set,
952 731 965 761 a
974 713 1064 761 teneris
1073 714 1232 771 msoeiamns,
1245 709 1416 760 delicatioribus

363 791 468 855 dapibus
476 794 575 842 imme
585 808 650 855 puer
659 793 706 858 (rs.
724 792 784 860 146)
798 805 846 842 tarn
858 795 927 842 facile
938 805 1045 856 namnet,
1060 805 1088 843 nt
1106 796 1208 844 frustum
1221 801 1312 858 sapre'e
1322 801 1344 839 et
1359 791 1417 838 latus

362 875 427 923 Afro
441 876 493 923 avis
509 875 640 924 subderem
655 892 686 925 ns
703 878 729 925 ln
746 889 853 927 mentem
868 876 967 944 qtnldem
985 881 1033 944 ipsi
1053 871 1152 928 veniret.
1172 879 1317 936 Enimvero,
1332 885 1357 924 nt
1372 874 1416 922 alia

362 969 467 1018 nesam,
484 974 535 1009 non
550 961 618 1008 facile
630 961 757 1024 cuiquam,
772 962 819 1010 nisi
833 964 949 1011 rusticum
964 965 1019 1012 nine
1031 979 1107 1028 genus
1119 971 1279 1026 naturamque
1292 961 1416 1008 nummu
1499 1005 1500 1010 ,

363 1043 486 1108 ignorem
498 1045 694 1108 „emuniens
704 1042 804 1093 susus
815 1046 967 1109 passuque
979 1045 1043 1094 ntro.
1055 1047 1144 1095 utres.
1154 1043 1417 1094 cressementum
1499 1027 1500 1046 ³

361 1127 519 1185 assuefactos,
532 1137 556 1175 et
565 1129 596 1174 iis
612 1143 643 1174 ne
656 1129 740 1174 Rornae
750 1128 867 1191 qnidstn,
878 1129 923 1176 nbi
935 1129 1052 1178 demenso
1064 1129 1107 1177 vix
1117 1129 1192 1177 lantes
1202 1141 1327 1175 umorum
1338 1125 1418 1188 exple·

362 1209 443 1268 batur,
453 1212 479 1260 in
494 1221 598 1259 mentem
612 1211 720 1268 venisse,
729 1208 881 1258 delicatiores
891 1211 989 1268 eibos,a
998 1229 1023 1260 ss
1030 1213 1187 1270 ministratos,
1198 1221 1301 1274 gustare.
1311 1211 1418 1258 llxoocs·

363 1294 432 1342 sione
442 1297 505 1344 furta
515 1297 595 1355 nasei,
606 1296 644 1343 vel
653 1296 782 1359 proverbia
792 1293 893 1348 docent.
902 1306 926 1343 et
934 1311 987 1358 que
997 1297 1048 1344 ruri
1055 1311 1132 1360 puero
1142 1293 1261 1349 defuerat,
1269 1292 1418 1356 quotieseanr
1500 1297 1501 1300 ’

362 1379 448 1426 Rotnoe
456 1379 562 1428 oblatam
570 1379 643 1426 inisse
652 1377 854 1426 dioemmtcont
867 1377 962 1426 Cornus.
971 1395 1058 1442 exquo
1070 1379 1174 1443 patebit,
1186 1394 1238 1426 non
1249 1374 1419 1427 sollicitandam

362 1477 415 1510 esse
423 1463 542 1528 vulgatam
551 1463 695 1518 lectionem,
706 1463 733 1509 in
742 1477 789 1524 que
798 1461 967 1524 gravissimum
978 1465 1016 1512 vir
1024 1465 1111 1511 doctos
1120 1459 1238 1512 mendum
1249 1460 1297 1508 sibi
1308 1458 1420 1522 reperisse

363 1545 430 1592 viem
440 1556 484 1593 est.
495 1572 530 1583 -
540 1547 634 1593 Tamen
643 1543 732 1590 retinui
737 1540 836 1608 Jbestis,
854 1554 878 1589 et
891 1559 989 1592 sensum
1000 1547 1125 1610 'vulgarem
1137 1547 1164 1592 in
1175 1544 1370 1608 interpretaione
1378 1557 1418 1587 re·

363 1629 434 1692 cepi:
449 1627 517 1692 qnod
531 1624 593 1674 mitit
606 1624 771 1674 condonatum
782 1641 796 1672 a
807 1624 949 1675 doctissimo
962 1627 1024 1676 duce
1034 1629 1138 1692 Ruperti
1150 1643 1246 1691 precor.
1257 1627 1302 1676 En.

397 1734 465 1786 Non.
488 1737 634 1795 rte-144.
652 1729 746 1802 Neque
764 1730 844 1782 etiam
858 1733 989 1784 cinisculus
1009 1748 1097 1794 noster,
1114 1733 1250 1796 servulus,
1267 1731 1341 1784 norit
1358 1729 1420 1782 scite

360 1816 494 1869 subducem
503 1815 575 1868 iurto
584 1825 673 1885 partes
682 1811 867 1866 delicatiorum
877 1813 998 1868 ciborum
1007 1855 1014 1880 ,
1023 1828 1054 1867 nt
1063 1816 1131 1870 servi
1141 1817 1273 1868 nobilium
1283 1813 1419 1866 ditiorum·

360 1919 414 1972 que
425 1899 577 1963 hominnm,
588 1899 655 1947 rudis
664 1899 841 1963 omnitempore
848 1911 873 1948 et
881 1895 972 1950 adhuc
980 1901 1082 1950 imbutus
1095 1911 1211 1959 tantum,
1222 1897 1337 1950 initiatus
1346 1892 1419 1966 quasi

362 1983 426 2036 huic
439 1983 489 2035 srti
504 1977 700 2046 lurandlfurtis‚
712 1978 783 2030 furto
791 1981 873 2048 oselloe
882 1981 979 2050 exigua
985 2002 996 2042 ,-
1009 1999 1071 2033 nam
1080 1984 1182 2033 imbutus
1192 1981 1220 2033 h,
1233 1981 1285 2033 loc.
1295 1997 1348 2030 non
1358 1989 1397 2029 est
1405 1995 1420 2026 a

362 2065 460 2121 teneris
471 2063 645 2124 assuefactus,
658 2059 703 2114 sed
715 2061 763 2132 qui
776 2061 889 2134 alicujus
898 2063 937 2114 rei
951 2063 1056 2117 initium
1072 2061 1146 2128 lecit;
1163 2061 1218 2117 vid.
1232 2063 1337 2117 Ernesti
1346 2061 1419 2113 Clas.

361 2147 418 2202 cic.
430 2161 456 2200 et
466 2147 551 2218 lleyn.
563 2144 598 2199 sd
604 2145 680 2214 virg.
691 2142 796 2196 AEneid.
807 2145 879 2208 Vll,
890 2143 950 2208 5⁴2.
962 2145 1003 2199 lta
1014 2147 1086 2199 lucet
1095 2146 1139 2198 liic
1150 2147 1239 2206 locus,
1253 2146 1280 2198 in
1292 2163 1344 2218 quo
1355 2141 1422 2195 alins
1503 2166 1504 2174 ¹

362 2245 388 2286 et
396 2231 515 2303 vulgaris
525 2231 606 2301 hujus
619 2228 691 2282 vocis
702 2219 867 2300 significatus
880 2228 1084 2300 interpretibus,
1096 2242 1123 2283 et
1135 2227 1201 2281 milri
1214 2246 1319 2298 quoqne
1333 2223 1423 2277 frondi

361 2315 421 2368 ¹luit.
437 2315 481 2367 ste
497 2312 632 2385 aptissime
647 2323 708 2364 sunt
721 2311 825 2374 omnia,
839 2311 928 2364 irrisio
940 2331 1075 2364 servornm
1091 2312 1252 2375 iurantium,
1267 2309 1379 2382 primum
1393 2309 1425 2356 ti-

361 2401 456 2450 nmeuts'
466 2398 567 2450 bertum
577 2394 673 2465 (rudes
682 2395 752 2449 mbo
763 2395 878 2467 pastoris
889 2394 1055 2466 bubulcique
1065 2393 1114 2446 lilii
1128 2397 1219 2447 Rome
1232 2410 1293 2445 mor
1304 2409 1423 2444 eorrum-

360 2495 461 2556 pnntur
472 2479 599 2535 vitiorum
610 2478 776 2545 illecebris),
786 2476 789 2486 '
798 2457 919 2531 dimidiet.
939 2479 1016 2546 ofetta
1033 2473 1153 2546 (ollula',
1168 2467 1311 2529 frustulum
1323 2474 1422 2535 carnis,

357 2566 451 2638 panis,
464 2567 543 2631 eto),
561 2577 588 2616 et
602 2562 739 2635 epitheton
753 2562 858 2628 erigus,
874 2576 929 2631 quo
940 2559 1047 2633 adjecto
1058 2563 1098 2615 vis
1112 2573 1224 2632 augetur
1240 2561 1281 2628 (nt
1290 2560 1327 2622 V,
1342 2559 1389 2621 85,
1399 2570 1423 2608 et

361 2651 395 2703 nl.
404 2652 428 2720 );
440 2667 503 2702 nam
514 2665 598 2721 parva
610 2647 768 2719 plerumque
780 2655 842 2696 sunt
855 2639 981 2697 vitiorum
993 2643 1078 2697 initia.
1094 2645 1219 2710 Quorum
1230 2643 1253 2695 si
1265 2641 1425 2694 meminisset

359 2735 473 2799 Mauso,
490 2751 543 2786 non
558 2730 687 2783 dixisset:
704 2727 852 2798 uqnisest,
868 2744 947 2797 quem
962 2745 1018 2780 non
1034 2725 1156 2780 offendat
1173 2726 1325 2780 tinrnculns
1340 2723 1424 2776 omnis

359 2813 463 2868 fraudis
473 2825 500 2866 et
508 2810 573 2866 furti
585 2826 692 2882 expers.
705 2806 831 2879 idemque
833 2807 912 2874 furtis
924 2811 1063 2859 imbutio?-
1077 2827 1163 2879 neque
1172 2806 1356 2880 depravasset,
1366 2822 1424 2876 quar

359 2899 492 2969 corrigere
500 2893 600 2958 soloin
611 2892 666 2946 eid,
678 2893 746 2944 Var.
758 2892 830 2944 Lect.
845 2919 876 2930 -
891 2889 1000 2956 Capreis,
1012 2897 1099 2963 capre
1112 2891 1254 2954 silvestris,
1263 2887 1362 2949 dame,
1374 2901 1424 2940 ete.

358 3011 393 3023 -
402 2983 484 3050 Asroe,
496 2997 542 3032 sen
551 2979 675 3046 Africano
683 2992 740 3025 avos
749 2978 777 3024 et
789 2976 902 3022 uolucres
914 2973 1000 3039 (Hor.
1011 2973 1100 3044 Epod
1111 2973 1151 3035 ll,
1166 2975 1209 3037 53,
1218 2985 1245 3024 et
1254 2972 1360 3024 Peteon.
1371 2971 1424 3037 93).

358 3065 499 3118 Vocsntur
512 3061 593 3114 etiem
603 3061 699 3124 Libyca
710 3058 835 3118 volucres,
847 3054 964 3106 Martial.
978 3055 1060 3117 xm,
1073 3057 1118 3119 ὥς
1130 3057 1234 3124 goliitsoe
1247 3047 1388 3105 Nemota
1401 3063 1425 3105 et

360 3149 499 3214 Africana,
513 3144 619 3194 Peteon.
636 3136 897 3202 55;cotum.vl11‚
913 3155 937 3200 s,
947 3155 975 3208 p.
987 3137 1102 3189 etVarr.
1117 3139 1149 3190 li.
1163 3139 1194 3189 tt.
1207 3137 1263 3200 lll,
1280 3153 1309 3204 9,
1325 3137 1369 3198 18,
1381 3135 1427 3206 qui

359 3229 452 3292 docet,
463 3245 507 3279 eos
517 3222 641 3296 grandes,
649 3221 737 3275 varias
746 3220 871 3294 gibberss
881 3238 945 3284 esse,
957 3219 1110 3292 Grecisqne
1120 3217 1173 3271 dici
1185 3215 1358 3292 μελεαγρίδας,
1370 3219 1427 3290 qui-

359 3315 409 3365 bus
421 3326 509 3364 tamen
523 3307 583 3360 iilos
595 3318 699 3358 nutum
713 3303 812 3356 similes
824 3322 880 3356 esse
894 3301 978 3355 tradit
990 3303 1094 3355 Colum.
1111 3304 1164 3356 loc.
1179 3301 1254 3356 laud.
1267 3317 1293 3354 et
1303 3321 1316 3354 s
1328 3301 1427 3372 quibus

358 3415 403 3450 eas
414 3391 542 3448 discernit
552 3390 625 3442 Suet.
640 3387 699 3442 cst.
713 3385 882 3440 22.Varroni
895 3383 1075 3455 adstipulatur
1084 3385 1154 3438 Plio.
1167 3385 1204 3448 X,
1213 3387 1254 3448 26,
1267 3401 1312 3436 seu
1323 3384 1365 3446 38,
1379 3385 1427 3436 ubi

356 3479 411 3533 vid.
428 3474 512 3530 llard.
527 3473 573 3546 qui
587 3482 681 3544 preter
691 3469 743 3522 alia
757 3469 848 3530 docet,
864 3466 1043 3538 Meleagridas
1057 3486 1111 3520 non
1124 3486 1180 3520 esse
1193 3479 1298 3520 nostras
1311 3465 1426 3536 gallinas

358 3561 466 3616 Indicas
478 3555 666 3626 (iridiunisclte,
680 3552 810 3611 nirlr'sclre,
823 3551 984 3601 calecutisclse
995 3552 1105 3614 urtam,
1118 3551 1281 3610 Tnstbsibner,
1298 3549 1426 3599 auertent-

358 3667 412 3706 ner,
426 3644 527 3710 Potor),
541 3657 625 3712 quum
633 3637 676 3689 bis
691 3655 745 3688 non
755 3633 897 3687 convenias
911 3634 1056 3706 descriptio
1065 3635 1173 3687 illorum
1185 3632 1258 3705 apud
1269 3633 1367 3687 Athen.
1385 3633 1425 3698 X,

359 3737 400 3794 πά,
412 3741 439 3782 et
451 3725 525 3788 xlv,
539 3741 600 3795 pag.
617 3721 667 3774 655
681 3721 817 3788 (attamen
833 3718 879 3770 illa
894 3717 1040 3782 Varronis,
1053 3717 1130 3770 Plinii
1143 3730 1168 3770 et
1180 3717 1284 3770 Colum.
1297 3719 1318 3784 ),
1329 3729 1356 3769 et
1366 3718 1428 3786 gal·

357 3813 418 3866 lina
436 3807 536 3862 Indica
554 3807 588 3859 ab
605 3801 767 3856 occidentali
787 3800 903 3872 primum
920 3799 999 3856 ludin
1019 3817 1066 3854 sen
1084 3799 1205 3853 America
1220 3797 1255 3852 ad
1272 3817 1321 3850 nos
1336 3799 1428 3852 allate

358 3895 479 3964 adeoque
487 3907 595 3963 prorsus
601 3888 742 3958 incognite
750 3885 849 3938 luerint
857 3884 1000 3938 veteribus.
1010 3883 1052 3936 Cl.
1062 3883 1186 3936 Bocbsrt.
1194 3883 1343 3944 Hieronll,
1351 3900 1376 3946 r,
1387 3900 1426 3948 ¹9.

395 4003 463 4057 Nor.
487 3998 543 4062 ¹45.
563 3999 684 4057 Plebeios,
697 3997 819 4066 vulgares
833 3994 965 4064 vilesque,
978 3996 1076 4054 calmes,
1093 4009 1147 4044 non
1158 3991 1290 4062 pretiosos
1302 4001 1328 4042 et
1339 3989 1428 4042 multa

356 4098 414 4142 arte
425 4081 593 4154 conspicuos.
606 4083 645 4133 De
659 4091 771 4154 utroque
786 4095 881 4148 genere
892 4077 1053 4149 poculorum
1066 4074 1122 4131 vid.
1137 4076 1174 4138 V,
1189 4079 1303 4144 ²9·l⁸›
1313 4085 1339 4126 et
1350 4073 1426 4130 Mar-

353 4171 409 4226 tinl.
421 4167 500 4230 ΧΠ,
515 4167 627 4235 93-96.
