3030 4984
336 432 399 505 ²¹4
489 425 660 493 VARIAE
688 427 984 492 LECTIONES
1007 427 1071 493 ΕΤ
1094 427 1251 492 NOTAE

368 541 439 593 Nor.
460 560 493 594 no
507 559 562 612 seq.
581 541 712 594 Prnolure
726 541 903 594 adumbratur
916 558 1001 613 psvor
1013 557 1116 604 corum,
1128 540 1175 612 qui
1185 539 1246 592 usvi
1257 538 1409 591 rebuutur.

335 653 370 664 -
380 627 485 674 Attoniti
503 637 644 688 vocentur,
659 627 703 694 qut
718 627 773 677 viri
783 641 878 693 stupent
888 639 913 676 et
928 627 954 676 in
971 637 1048 676 totum
1062 627 1110 675 n'tt
1120 625 1249 690 exsultent,
1261 623 1322 676 Seu.
1341 620 1413 672 Nat.

336 707 436 772 Quaest.
447 708 489 771 11,
503 727 546 777 ²7·

369 802 438 856 Nor.
459 823 500 856 οι.
522 807 643 874 Corfini,
658 803 824 877 comparari,
833 822 922 870 posse,
935 803 989 857 boc
1001 816 1054 870 est,
1066 803 1219 857 incendium
1231 803 1318 856 multo
1327 799 1415 854 terri·

335 887 418 941 bilius
432 907 488 944 esse
502 891 654 962 naufragio.
775 893 778 896 ’

372 1035 438 1083 Vsu.
456 1037 498 1082 23.
519 1036 637 1094 Grandes,
651 1035 764 1101 quando,
781 1049 821 1084 tr.
834 1033 1017 1082 Sebumdcisob.
1031 1043 1089 1082 notu
1101 1033 1153 1081 btec
1165 1039 1203 1080 est
1214 1033 1311 1082 :uPuto
1322 1029 1412 1093 legen·

338 1117 398 1164 dum
412 1135 486 1181 quum
500 1122 605 1185 picando.
626 1123 657 1168 iu
667 1121 816 1185 primigenio
829 1119 962 1183 exemplari
974 1119 1047 1167 fuerit
1061 1119 1199 1182 QUANuo,
1211 1117 1321 1176 Msjores
1334 1115 1414 1161 litera

338 1199 470 1260 notabunt,
482 1203 599 1268 syllabum
610 1203 650 1250 bis
659 1204 802 1267 legendum
812 1203 856 1250 sed
869 1203 1044 1266 exscriptores,
1059 1213 1085 1250 ut
1099 1217 1162 1266 saepc
1176 1201 1202 1248 iu
1212 1199 1287 1248 bouis
1300 1195 1412 1246 auctori·

339 1283 386 1330 bus
394 1286 500 1343 fuctum,
513 1287 547 1334 rei
560 1301 612 1334 uon
622 1285 794 1334 sttsudebuut:
808 1297 835 1333 ut
844 1297 926 1334 tumen
937 1287 1018 1334 renui
1029 1285 1198 1344 consulerent,
1214 1283 1238 1330 si
1249 1279 1352 1346 qnando
1364 1295 1413 1345 po-

342 1379 451 1416 sueruut.
467 1369 526 1417 Nou
538 1369 607 1418 sliter
618 1370 699 1418 Sebol.
713 1369 813 1434 legisse,
825 1369 888 1418 clere
901 1373 955 1431 ejus
968 1369 1043 1418 verbs
1057 1368 1159 1416 docent:
1172 1367 1262 1428 idest,
1276 1365 1339 1413 tales
1350 1373 1413 1410 tem·

335 1461 445 1517 pcstntes
459 1452 602 1518 contingunt
614 1452 794 1518 navigantibus,
808 1455 894 1520 quales
903 1455 1004 1520 fingere
1021 1455 1099 1502 soient
1109 1464 1216 1518 poctoe.·
1231 1449 1302 1499 Nihil
1319 1448 1414 1496 boum

342 1535 405 1582 mibi
418 1547 484 1584 certe
498 1538 617 1601 persuasit
631 1538 669 1584 nir
683 1537 777 1586 doetus.
791 1563 825 1575 -·
835 1536 937 1586 Potitios
950 1538 1026 1604 surgit
1043 1538 1181 1600 Tempestas
1196 1534 1261 1598 (boc
1273 1543 1325 1592 est,
1335 1545 1415 1590 ave,

341 1619 422 1683 quslis
434 1621 460 1668 iu
469 1617 552 1670 Ponto
562 1623 660 1670 Euxino
670 1639 722 1670 esse
732 1617 827 1684 solet),
837 1623 885 1682 45,
894 1632 918 1671 et
926 1622 989 1672 cod.
1000 1623 1052 1670 ttS.
1066 1625 1143 1686 [gunt.
1156 1617 1300 1676 lisuuielis,
1311 1625 1373 1664 teste
1385 1629 1414 1660 tc

342 1704 414 1767 prob.
425 1705 531 1754 Lubiuo.
542 1706 590 1753 Sed
602 1717 694 1770 quuuto
704 1709 830 1755 venustior
840 1706 935 1770 vulgsts
944 1705 1028 1754 lectio!
1039 1704 1091 1753 vid.
1101 1704 1197 1754 Cotum.

379 1798 447 1852 Nor.
469 1797 509 1852 ²3.
529 1803 556 1850 st·
566 1805 684 1866 quondo,
695 1801 748 1854 hoc
758 1813 810 1864 est,
824 1798 985 1871 aliquado,
997 1800 1092 1864 poett'ca
1105 1800 1192 1864 surgit,
1209 1792 1336 1856 exoritur,
1348 1805 1415 1842 tent-
1505 1775 1506 1832 ἶ

339 1894 433 1948 pestus,
443 1881 496 1934 boc
508 1894 560 1948 est,
571 1897 647 1937 atrox
661 1897 686 1936 et
703 1903 772 1939 sens
784 1896 926 1956 tempestae
938 1881 1049 1954 fingitur
1060 1894 1106 1933 sut
1119 1878 1279 1932 describitur
1295 1895 1310 1928 s
1328 1874 1418 1947 poetis

345 1983 400 2016 rem
412 1967 644 2036 suggerentibus.
656 1967 767 2032 Facete,
780 1981 811 2021 ut
822 1966 895 2038 spud
907 1967 1016 2020 Lucisn.
1027 1961 1164 2036 quomodo
1172 1961 1284 2014 historin
1297 1957 1416 2012 couscri-

345 2050 433 2102 beuda
445 2052 494 2116 sit,
506 2054 578 2124 Opp.
591 2065 610 2106 t.
622 2053 678 2118 ΙΙΙ,
687 2074 714 2126 p.
730 2053 789 2116 405.
799 2052 841 2107 ed.
853 2049 972 2106 Schmid.
988 2046 1067 2106 δεήσει
1079 2049 1128 2122 γὰρ
1140 2049 1194 2098 τότε
1205 2047 1235 2113 (ὁ
1247 2043 1417 2118 ονῃρεεφεὺς)

346 2139 470 2187 ποιητικοῦ
486 2135 546 2194 τινὸς
564 2135 651 2206 ἀνέμου
670 2137 847 2207 ἐπουριάσοντος
861 2135 892 2187 τὰ
906 2135 1011 2198 ἀκάτια,
1025 2147 1074 2186 etc.
1088 2132 1154 2185 etin
1164 2130 1269 2182 Timon.
1283 2147 1324 2199 pr.
1336 2125 1381 2177 sni
1398 2123 1420 2175 ti

347 2215 410 2266 sict
426 2215 484 2266 ἄλλο
502 2217 523 2268 οἱ
538 2217 689 2288 ἐμβρόντητοι
701 2217 798 2272 ποιηταὶ
812 2224 925 2279 καλοῦσι,
946 2216 988 2267 eui
1002 2215 1112 2285 μάλιστα·
1123 2216 1180 2266 ὅταν
1194 2212 1296 2280 inspiret
1309 2209 1369 2280 πρὸς
1382 2207 1417 2258 τὰ

348 2299 434 2369 pisper.
452 2330 485 2340 -
499 2301 597 2352 ἅπαντα
609 2301 657 2374 γὰρ
668 2307 747 2354 ταῦτα
760 2308 830 2372 λῆρος
842 2297 889 2356 ide.
903 2299 1039 2366 ἀναπὲφῃνε
1053 2297 1095 2349 nui
1108 2297 1198 2354 καπνὸς
1210 2291 1328 2349 mitads
1341 2291 1417 2356 4³⁸7:

350 2388 406 2444 νᾶες,
417 2382 462 2446 (ξω
473 2390 515 2436 τοῦ
525 2385 639 2458 πατάγου
650 2393 696 2437 τῶν
706 2385 837 2455 ὀνομάτων.

383 2478 451 2533 Nor.
472 2487 513 2544 us.
539 2482 580 2534 its
604 2479 810 2534 exclamabuudi
832 2480 906 2550 ioqui
929 2479 1016 2530 solent
1039 2475 1195 2547 scriptores,
1218 2470 1422 2544 superveniente
1506 2499 1507 2542 p

349 2579 423 2614 novo
434 2563 527 2634 aliquo
540 2563 687 2616 infortunio
700 2561 776 2630 (vid.
790 2562 881 2616 Barth.
894 2559 929 2614 sd
940 2561 1008 2614 Stat.
1020 2561 1106 2612 Theb.
1120 2557 1180 2622 111,
1197 2557 1248 2625 349
1257 2560 1282 2626 ),
1293 2554 1376 2608 etium
1389 2552 1422 2606 dc
1506 2573 1507 2602 t

349 2659 381 2696 rc
388 2643 430 2698 vel
442 2644 587 2716 improvise
599 2663 630 2698 uc
644 2644 785 2698 subitanei
796 2645 887 2715 gravi,
906 2643 1080 2696 attentionem
1095 2641 1203 2693 moturi.
1214 2669 1249 2679 -
1260 2639 1340 2690 Aliud
1347 2653 1424 2704 gem

246 2727 251 2734 '
352 2729 513 2790 disrn'minis,
526 2727 615 2800 quod,
630 2728 767 2782 sententiis
781 2725 944 2801 quibusdum
960 2727 1046 2781 iscete
1062 2721 1203 2797 premissis
1218 2732 1245 2774 et
1259 2718 1423 2792 interjectis,

353 2821 525 2877 memoratur,
544 2831 582 2867 rs.
604 2831 651 2882 ες,
669 2831 723 2884 seq.

387 2957 454 3004 Vsu.
474 2958 516 3006 25.
534 2960 606 3016 sont,
622 2975 661 3010 rr.

385 3047 454 3101 Nos.
476 3049 520 3102 rb.
539 3055 650 3112 wera,
670 3069 730 3124 ques
751 3069 814 3103 mox
837 3048 959 3104 dicturus
982 3063 1050 3098 sum.
1069 3073 1106 3086 -
1126 3045 1203 3096 Sertis
1222 3043 1347 3110 riwdffls
1373 3056 1427 3090 ¹¹⁰³

354 3151 443 3186 miuus
468 3136 562 3188 tristis.

386 3280 456 3328 Vsu.
474 3295 516 3342 η.
537 3279 638 3343 Templa
648 3277 786 3344 profana,
802 3299 832 3342 7,
845 3294 858 3326 e
872 3277 963 3342 gtoua.

386 3369 454 3424 Nor.
476 3389 521 3441 εγ,
541 3373 581 3424 28.
599 3371 664 3424 Vid.
683 3371 719 3426 ud
736 3373 813 3436 xtV,
830 3373 881 3426 302
897 3388 904 3422 :
921 3371 978 3436 quis
992 3367 1065 3420 enim
1082 3367 1159 3416 nesab
1177 3375 1219 3416 tot
1236 3357 1357 3434 quotidie
1374 3360 1426 3412 iere

354 3455 497 3526 naufragis
513 3473 584 3516 esse,
599 3467 630 3508 nt
636 3458 743 3525 pictores
756 3459 812 3527 jem
824 3471 917 3507 eorum
931 3451 1036 3522 picture
1055 3448 1108 3501 sibi
1123 3459 1220 3519 purtre
1234 3445 1354 3517 possint,
1371 3459 1428 3514 que

353 3536 390 3590 ad
402 3539 502 3592 victum
511 3537 701 3610 suppeditent?
711 3540 748 3588 At
761 3539 827 3588 Iside
838 3537 926 3602 pasci,
942 3534 979 3584 sii
987 3573 994 3594 ,
1002 3535 1117 3600 pictores,
1131 3529 1260 3601 quonism
1271 3527 1299 3578 in
1312 3529 1374 3598 ejus
1383 3543 1428 3597 po·

355 3623 487 3678 tissimum
502 3624 610 3695 templis
621 3626 733 3682 tubelle,
747 3622 776 3674 iu
789 3623 887 3693 quibus
900 3619 1001 3691 pictum
1013 3629 1071 3670 erut
1082 3613 1269 3683 usufrsgium‚
1282 3609 1429 3680 suspende·

355 3705 464 3760 buntur.
486 3709 649 3778 Navigantes
665 3709 721 3780 ejus
741 3704 830 3758 tutele
849 3703 1004 3755 commissos
1025 3699 1105 3752 fuisse
1125 3708 1216 3750 mouet
1235 3695 1389 3756 inscissus,
1405 3703 1429 3745 ct

355 3792 521 3861 precipuum
534 3792 606 3843 iliius
618 3792 713 3843 festum
725 3793 818 3842 Romus
827 3800 885 3841 eret
898 3788 972 3836 Isidis
982 3785 1119 3850 noviginto,
1133 3777 1167 3832 de
1177 3797 1230 3850 quo
1240 3775 1295 3830 vid.
1305 3780 1428 3830 lactant.

356 3871 423 3924 lust.
437 3873 465 3936 1,
483 3891 523 3938 ει,
536 3885 563 3924 et
573 3873 651 3944 Apul.
665 3874 730 3926 Met.
742 3874 761 3926 Ι.
775 3873 831 3938 XI,
846 3888 908 3944 pap.
921 3869 983 3940 367,
992 3865 1036 3920 ed.
1048 3865 1118 3918 Elm.

391 4017 456 4064 Vns.
476 4017 517 4064 31.
535 4017 723 4082 mergentibus,
735 4020 774 4065 rb.
782 4018 925 4080 -Semper
934 4013 1036 4061 minutus
1047 4026 1116 4067 sum,
1126 4007 1251 4056 nemiuem
1262 4006 1426 4068 iuterpretum

320 4131 323 4142 ·
355 4096 452 4146 baesisse
470 4099 497 4146 iu
513 4099 562 4147 boo
576 4099 646 4158 loco,
662 4101 689 4147 iu
700 4117 751 4164 quo
762 4099 813 4147 duo
822 4098 938 4163 genitivi,
955 4093 1042 4160 puppis
1053 4102 1076 4140 et
1087 4089 1189 4152 arboris,
1208 4088 1247 4138 rel
1258 4088 1313 4135 siue
1324 4086 1429 4150 copule,

354 4194 412 4231 eum
424 4198 477 4232 voc.
487 4181 549 4233 latus
559 4185 707 4252 junguntur,
721 4199 800 4250 neque
811 4179 940 4231 commode
949 4178 1060 4229 exoritur
1068 4175 1199 4235 sententis,
1211 4173 1263 4222 sire
1274 4185 1365 4220 utrem
1374 4169 1400 4218 b.
1410 4167 1427 4218 i.
