3030 4984
304 439 483 506 samnn
505 433 700 506 necrus
723 441 920 509 annum.
1080 445 1143 530 249

100 516 286 645 coituros,
304 582 423 628 vexare
438 557 555 628 oculos
570 560 712 629 humore
729 577 845 631 coacto
860 587 870 630 ι

101 669 239 740 Ploratur
254 670 411 767 lacrymis
427 673 544 742 amissa
558 675 702 767 pecunia
715 675 813 744 veris.

135 781 191 855 Sed
205 781 233 849 si
249 796 371 851 cuncta
381 781 474 851 vides
486 781 586 852 simili
601 779 675 851 foro
688 780 785 878 plena
799 781 953 877 querela,
1101 802 1150 857 13⁵

97 888 140 975 Si,
152 888 257 960 decies
271 889 364 960 lectis
376 891 507 962 diversa
520 907 614 986 parte
627 892 771 981 tabellis,

97 999 177 1066 Vana
187 1002 389 1094 supervacui
405 1000 525 1070 dicunt
538 1002 761 1097 chirographa
775 1001 857 1098 ligni
865 995 876 1090 ‚¹

96 1111 200 1204 Arguit
211 1111 365 1205 ipsorum
379 1137 462 1206 quos
475 1111 571 1182 litera
585 1123 782 1208 gemmaque
793 1115 949 1209 princeps

95 1221 335 1317 Sardonychas,
352 1222 470 1293 loculis
481 1247 557 1318 quae
571 1223 758 1294 custoditur
771 1224 910 1293 eburnis
922 1251 929 1292 :

96 1331 174 1416 Tcn',
191 1356 214 1400 o
229 1330 378 1402 delicias!
394 1349 487 1402 extra
502 1335 696 1403 communia
711 1359 824 1403 censes

96 1440 304 1510 Ponendum?
316 1443 375 1536 qui
388 1458 427 1511 tu
440 1441 569 1538 gallinae
583 1442 671 1514 lilius
685 1444 787 1532 albae,

95 1551 154 1620 llos
166 1549 247 1620 viles
261 1551 345 1646 pulli
358 1554 428 1622 nati
442 1552 630 1622 infelicibus
644 1553 740 1622 ovis?

132 1664 212 1730 Rem
229 1663 353 1756 pateris
368 1662 536 1734 modicam
550 1679 583 1734 et
597 1664 757 1734 mediocri
774 1663 840 1734 bile
857 1665 1042 1755 ferendam,

95 1773 123 1839 si
139 1771 249 1841 llectas
266 1772 383 1844 oeulos
399 1775 527 1868 majora
546 1775 587 1844 ad
604 1775 770 1845 crimina:
792 1775 911 1844 confer

95 1881 296 1950 Conductum
311 1880 494 1970 latronem,
509 1883 662 1954 incendia
676 1883 836 1978 sulphure
850 1901 960 1980 coepta
1102 1901 1151 1968 145

94 1991 189 2082 Atque
201 1989 303 2079 dolo,
319 1993 445 2087 primos
458 2017 561 2088 quum
573 1993 678 2087 janua
693 1993 819 2087 colligit
836 1995 947 2090 ignes3

93 2096 204 2180 Confes
220 2113 255 2168 et
270 2099 348 2187 hos,
362 2103 483 2170 veteris
494 2103 554 2196 qui
564 2099 689 2172 tollunt
703 2103 844 2198 grandia
858 2104 973 2200 templi

94 2207 201 2280 Pocula
217 2209 397 2294 adoranda
411 2212 590 2308 robiginis,
605 2228 638 2282 et
656 2212 860 2308 populorum

90 2424 183 2484 leniter
197 2427 296 2499 scissa,
313 2447 375 2488 non
388 2429 522 2507 lacrymis
535 2428 656 2504 pervim
671 2427 792 2485 extortis
800 2448 809 2500 ;
823 2438 853 2483 at
863 2446 899 2485 ex
909 2426 1006 2485 auimo
1017 2427 1148 2504 deplora·

91 2524 148 2587 tur;
161 2529 189 2574 et
202 2519 277 2576 oculi
287 2531 391 2597 sponte
403 2539 487 2578 veras
500 2520 654 2578 effundunt
668 2522 817 2597 lacrymas.

126 2608 189 2666 135.
210 2611 268 2669 Sed
285 2613 309 2669 sl
325 2613 453 2688 reperire
469 2623 512 2670 est
528 2613 560 2668 in
576 2613 642 2670 loro
653 2613 798 2690 quoslibet
813 2612 945 2671 homines
956 2611 992 2669 de
1008 2611 1150 2687 ejusmodi

93 2701 237 2760 sedenibus
247 2716 277 2761 et
288 2705 401 2762 damnis
418 2715 641 2781 conquerentes,
657 2704 681 2762 si
698 2704 844 2763 debitores
858 2723 930 2781 quos
949 2723 999 2762 sua
1019 2705 1149 2780 ipsorum

92 2810 181 2852 nanus
193 2807 224 2854 et
236 2797 395 2873 scriptura,
414 2816 487 2872 qnos
501 2797 615 2875 signum
627 2800 735 2855 annulo
745 2808 774 2856 et
788 2799 882 2856 nobili
896 2817 1007 2876 gemma
1022 2799 1148 2875 impres·

92 2903 144 2943 som
152 2890 301 2947 convincit
311 2891 436 2966 aliquam
447 2891 637 2967 syngrapham
647 2889 684 2945 ab
696 2891 765 2967 ipsis
779 2891 914 2966 scriptam
925 2901 954 2948 et
969 2891 1148 2968 obsignatam

91 2977 180 3046 luisse.
194 2981 387 3040 nibilominus
401 2983 459 3040 hoc
471 2993 649 3060 pernegant,
668 2994 697 3040 et
713 2983 906 3042 adulterinum
921 3002 981 3040 esse
996 2984 1148 3060 chirogra-

91 3071 170 3144 phum
180 3074 344 3150 falsumque
355 3075 518 3147 clamitant,
532 3074 600 3132 licet
613 3075 661 3131 illa
674 3075 835 3150 syngrapha
851 3075 945 3132 decies
956 3075 1073 3133 recitata
1083 3077 1147 3133 lue-

91 3162 338 3240 nummariis
350 3167 381 3224 in
391 3167 479 3238 locis,
490 3177 520 3226 et
529 3186 624 3225 corant
638 3166 758 3224 diversis
770 3163 906 3238 tentibus3
917 3167 1002 3224 valde
1015 3167 1147 3242 prolecto
1206 3152 1212 3169 ¹

91 3253 215 3317 delicatus
224 3279 272 3332 ως
282 3259 306 3317 si
318 3270 402 3335 putas
413 3271 442 3317 te
453 3279 488 3317 ex
497 3259 648 3316 hominnm
659 3277 746 3337 grege
759 3259 922 3328 communi,
939 3270 968 3319 et
979 3260 1088 3317 usitatis
1100 3281 1147 3318 ca-

89 3344 161 3403 sibus
171 3351 370 3422 eximendum,
384 3351 465 3426 qnasi
475 3351 587 3428 gallina
598 3351 681 3421 albe,
694 3361 727 3406 ut
737 3352 872 3426 paroemia
883 3351 956 3423 lert,
968 3371 1041 3410 esses
1050 3351 1145 3422 filius;
1227 3373 1233 3392 -·

88 3441 161 3513 qnasi
170 3444 258 3501 ceteri
270 3461 331 3520 prae
346 3455 373 3501 te
383 3462 443 3501 uno
453 3442 524 3500 viles
538 3455 567 3501 et
578 3442 784 3501 contemnendi
797 3445 895 3500 forent
905 3445 992 3520 pulli,
1008 3456 1145 3520 tanquam
1226 3469 1227 3474 ¹

88 3533 144 3588 oris
155 3534 274 3593 sinistre
284 3535 412 3594 volucris
425 3536 494 3594 nati.

124 3625 188 3690 ¹103·
208 3627 240 3686 Si
256 3628 420 3706 graviores,
444 3629 550 3704 quibus
566 3629 615 3686 alii
631 3628 763 3704 quotidie
776 3627 958 3695 alliciuntur,
974 3626 1146 3686 calamitates

85 3717 242 3792 expendas,
252 3722 317 3779 leve
330 3720 404 3778 illud
419 3732 500 3778 tunm
515 3722 646 3797 profecto
657 3721 793 3778 damnum
804 3738 863 3778 esse
872 3719 1027 3795 intelliges,
1043 3739 1096 3778 nec
1109 3721 1147 3778 ad

85 3819 189 3868 tanum
203 3813 286 3872 bilem
298 3815 477 3874 excitandam
488 3828 595 3893 aptum.
618 3818 777 3891 Compare,
790 3814 888 3884 sodes,
904 3831 969 3869 cum
984 3811 1145 3874 infortunio
1169 3869 1170 3872 ,

86 3913 143 3975 tuo,
151 3906 300 3966 latrocinia
309 3927 373 3985 quae
382 3907 502 3968 fiuntab
512 3909 662 3967 conductis
671 3905 987 3984 pecuniapraedonibus
997 3926 1004 3961 ε
1014 3904 1147 3964 incendia

85 3995 251 4072 domorum,
267 4001 385 4076 qnando
399 4001 471 4058 dam
485 4003 607 4078 sulphur
618 4011 647 4058 et
660 3999 715 4058 alia
730 3999 762 4056 id
778 4017 867 4076 genus
880 3997 954 4074 ignis
970 3998 1146 4058 irritamenta

83 4105 133 4161 per
144 4090 239 4149 dolum
250 4093 362 4151 foribus
369 4093 574 4152 admoventur:
587 4095 688 4152 confer
695 4091 852 4170 sacrilegia,
864 4109 951 4168 quum
959 4090 1049 4167 impio
1063 4092 1143 4150 furto

83 4183 278 4263 subripiuntur
293 4205 360 4246 vasa
374 4189 413 4248 ob
425 4198 594 4250 vetustatem
609 4207 691 4248 sucro
703 4184 830 4265 quodum
845 4185 958 4244 bonore
971 4183 1073 4262 digna,
1091 4184 1144 4242 do.-
