<?xml version="1.0" encoding="UTF-8"?>
<!DOCTYPE html PUBLIC "-//W3C//DTD XHTML 1.0 Transitional//EN"
    "http://www.w3.org/TR/xhtml1/DTD/xhtml1-transitional.dtd">
<html xmlns="http://www.w3.org/1999/xhtml" xml:lang="en" lang="en">
 <head>
  <title>
</title>
<meta http-equiv="Content-Type" content="text/html;charset=utf-8" />
  <meta name='ocr-system' content='tesseract 3.04.00' />
  <meta name='ocr-capabilities' content='ocr_page ocr_carea ocr_par ocr_line ocrx_word'/>
</head>
<body>
  <div class='ocr_page' id='page_1' title='image "./sexdecimsatir02lemagoog_0373.png"; bbox 0 0 2992 4984; ppageno 0'>
   <div class='ocr_carea' id='block_1_1' title="bbox 326 411 1240 532">
    <p class='ocr_par' dir='ltr' id='par_1_1' title="bbox 326 411 1240 532">
     <span class='ocr_line' id='line_1_1' title="bbox 326 411 1240 532; baseline 0.013 -22"><span class='ocrx_word' id='word_1_1' title='bbox 326 449 401 532; x_wconf 66' lang='grc'>,364</span> <span class='ocrx_word' id='word_1_2' title='bbox 495 455 979 524; x_wconf 77' lang='lat' dir='ltr'>vau1AEuucu10uus</span> <span class='ocrx_word' id='word_1_3' title='bbox 1003 411 1066 521; x_wconf 76' lang='lat' dir='ltr'>ur</span> <span class='ocrx_word' id='word_1_4' title='bbox 1089 454 1240 522; x_wconf 77' lang='lat' dir='ltr'>uorAE</span> 
     </span>
    </p>
   </div>
   <div class='ocr_carea' id='block_1_2' title="bbox 334 565 1493 642">
    <p class='ocr_par' dir='ltr' id='par_1_2' title="bbox 334 565 1493 642">
     <span class='ocr_line' id='line_1_2' title="bbox 334 565 1493 642; baseline -0.001 -27"><span class='ocrx_word' id='word_1_5' title='bbox 334 586 452 620; x_wconf 72' lang='lat' dir='ltr'>staminum</span> <span class='ocrx_word' id='word_1_6' title='bbox 466 573 503 621; x_wconf 83' lang='lat' dir='ltr'>bis</span> <span class='ocrx_word' id='word_1_7' title='bbox 516 584 605 638; x_wconf 80' lang='lat' dir='ltr'><em>septem</em></span> <span class='ocrx_word' id='word_1_8' title='bbox 617 572 756 637; x_wconf 77' lang='lat' dir='ltr'><em>ordinibus,</em></span> <span class='ocrx_word' id='word_1_9' title='bbox 768 569 822 623; x_wconf 86' lang='lat' dir='ltr'>hoc</span> <span class='ocrx_word' id='word_1_10' title='bbox 834 581 887 632; x_wconf 86' lang='lat' dir='ltr'>est,</span> <span class='ocrx_word' id='word_1_11' title='bbox 902 568 1018 642; x_wconf 66' lang='lat' dir='ltr'>equesm</span> <span class='ocrx_word' id='word_1_12' title='bbox 1030 569 1091 622; x_wconf 75' lang='lat' dir='ltr'>loco</span> <span class='ocrx_word' id='word_1_13' title='bbox 1105 582 1132 623; x_wconf 89' lang='lat' dir='ltr'>et</span> <span class='ocrx_word' id='word_1_14' title='bbox 1145 567 1241 622; x_wconf 80' lang='lat' dir='ltr'>ordine</span> <span class='ocrx_word' id='word_1_15' title='bbox 1251 585 1258 622; x_wconf 91' lang='lat'><strong>:</strong></span> <span class='ocrx_word' id='word_1_16' title='bbox 1268 583 1332 618; x_wconf 80' lang='lat' dir='ltr'>nam</span> <span class='ocrx_word' id='word_1_17' title='bbox 1343 565 1397 636; x_wconf 82' lang='lat' dir='ltr'>lege</span> <span class='ocrx_word' id='word_1_18' title='bbox 1492 569 1493 572; x_wconf 73' lang='grc'>’</span> 
     </span>
    </p>
   </div>
   <div class='ocr_carea' id='block_1_3' title="bbox 335 646 1400 974">
    <p class='ocr_par' dir='ltr' id='par_1_3' title="bbox 335 646 1400 974">
     <span class='ocr_line' id='line_1_3' title="bbox 335 646 1398 726; baseline -0.002 -24"><span class='ocrx_word' id='word_1_19' title='bbox 335 648 383 702; x_wconf 89' lang='lat' dir='ltr'>illa</span> <span class='ocrx_word' id='word_1_20' title='bbox 393 652 502 724; x_wconf 81' lang='lat' dir='ltr'>proprie</span> <span class='ocrx_word' id='word_1_21' title='bbox 514 651 625 726; x_wconf 82' lang='lat' dir='ltr'>quidem</span> <span class='ocrx_word' id='word_1_22' title='bbox 645 671 700 706; x_wconf 89' lang='lat' dir='ltr'>non</span> <span class='ocrx_word' id='word_1_23' title='bbox 718 667 836 716; x_wconf 84' lang='lat' dir='ltr'>summa,</span> <span class='ocrx_word' id='word_1_24' title='bbox 849 652 911 719; x_wconf 86' lang='lat' dir='ltr'>sed,</span> <span class='ocrx_word' id='word_1_25' title='bbox 929 654 977 726; x_wconf 88' lang='lat' dir='ltr'>qui</span> <span class='ocrx_word' id='word_1_26' title='bbox 989 671 1049 706; x_wconf 86' lang='lat' dir='ltr'>eam</span> <span class='ocrx_word' id='word_1_27' title='bbox 1058 651 1222 724; x_wconf 78' lang='lat' dir='ltr'>possideret,</span> <span class='ocrx_word' id='word_1_28' title='bbox 1234 649 1290 704; x_wconf 88' lang='lat' dir='ltr'>hoo</span> <span class='ocrx_word' id='word_1_29' title='bbox 1307 646 1398 701; x_wconf 78' lang='lat' dir='ltr'>ordine</span> 
     </span>
     <span class='ocr_line' id='line_1_4' title="bbox 335 732 1398 814; baseline -0.001 -30"><span class='ocrx_word' id='word_1_30' title='bbox 335 745 362 784; x_wconf 87' lang='lat' dir='ltr'>et</span> <span class='ocrx_word' id='word_1_31' title='bbox 372 734 475 788; x_wconf 89' lang='lat' dir='ltr'>honore</span> <span class='ocrx_word' id='word_1_32' title='bbox 483 735 582 808; x_wconf 84' lang='lat' dir='ltr'>diguus</span> <span class='ocrx_word' id='word_1_33' title='bbox 591 737 750 791; x_wconf 75' lang='lat' dir='ltr'>censebatur</span> <span class='ocrx_word' id='word_1_34' title='bbox 757 758 766 804; x_wconf 89' lang='lat'>;</span> <span class='ocrx_word' id='word_1_35' title='bbox 775 735 926 808; x_wconf 85' lang='lat' dir='ltr'>atdignitas</span> <span class='ocrx_word' id='word_1_36' title='bbox 934 738 993 814; x_wconf 74' lang='lat' dir='ltr'>hnc</span> <span class='ocrx_word' id='word_1_37' title='bbox 1001 738 1126 810; x_wconf 81' lang='lat' dir='ltr'>magisex</span> <span class='ocrx_word' id='word_1_38' title='bbox 1135 737 1249 810; x_wconf 82' lang='lat' dir='ltr'>pecunia</span> <span class='ocrx_word' id='word_1_39' title='bbox 1258 732 1398 808; x_wconf 75' lang='lat' dir='ltr'>pendebat,</span> 
     </span>
     <span class='ocr_line' id='line_1_5' title="bbox 335 819 1400 894; baseline 0.001 -25"><span class='ocrx_word' id='word_1_40' title='bbox 335 834 417 886; x_wconf 86' lang='lat' dir='ltr'>quam</span> <span class='ocrx_word' id='word_1_41' title='bbox 429 836 462 872; x_wconf 85' lang='lat' dir='ltr'>ex</span> <span class='ocrx_word' id='word_1_42' title='bbox 473 819 583 873; x_wconf 86' lang='lat' dir='ltr'>homine</span> <span class='ocrx_word' id='word_1_43' title='bbox 595 825 704 893; x_wconf 88' lang='lat' dir='ltr'>ejusque</span> <span class='ocrx_word' id='word_1_44' title='bbox 717 821 838 875; x_wconf 84' lang='lat' dir='ltr'>moribus</span> <span class='ocrx_word' id='word_1_45' title='bbox 848 821 1046 894; x_wconf 81' lang='lat' dir='ltr'>virtutibusque</span> <span class='ocrx_word' id='word_1_46' title='bbox 1058 839 1066 874; x_wconf 94' lang='lat'><strong>:</strong></span> <span class='ocrx_word' id='word_1_47' title='bbox 1076 841 1131 893; x_wconf 90' lang='lat' dir='ltr'>quo</span> <span class='ocrx_word' id='word_1_48' title='bbox 1143 821 1225 875; x_wconf 86' lang='lat' dir='ltr'>etiam</span> <span class='ocrx_word' id='word_1_49' title='bbox 1235 830 1400 892; x_wconf 83' lang='lat' dir='ltr'>spectatsar·</span> 
     </span>
     <span class='ocr_line' id='line_1_6' title="bbox 335 903 672 974; baseline 0.021 -23"><span class='ocrx_word' id='word_1_50' title='bbox 335 917 438 954; x_wconf 79' lang='lat' dir='ltr'>carmus</span> <span class='ocrx_word' id='word_1_51' title='bbox 451 903 510 969; x_wconf 87' lang='lat'>111,</span> <span class='ocrx_word' id='word_1_52' title='bbox 525 905 672 974; x_wconf 73' lang='lat'>154-159.</span> 
     </span>
    </p>
   </div>
   <div class='ocr_carea' id='block_1_4' title="bbox 368 1059 1218 1320">
    <p class='ocr_par' dir='ltr' id='par_1_4' title="bbox 368 1059 1218 1320">
     <span class='ocr_line' id='line_1_7' title="bbox 370 1059 721 1128; baseline 0.026 -24"><span class='ocrx_word' id='word_1_53' title='bbox 370 1059 436 1107; x_wconf 79' lang='lat' dir='ltr'>Van.</span> <span class='ocrx_word' id='word_1_54' title='bbox 456 1061 515 1120; x_wconf 76' lang='lat'>324.</span> <span class='ocrx_word' id='word_1_55' title='bbox 532 1061 662 1128; x_wconf 83' lang='lat' dir='ltr'>Dignetur,</span> <span class='ocrx_word' id='word_1_56' title='bbox 678 1061 721 1120; x_wconf 73' lang='grc'>45.</span> 
     </span>
     <span class='ocr_line' id='line_1_8' title="bbox 368 1156 707 1222; baseline 0.018 -21"><span class='ocrx_word' id='word_1_57' title='bbox 368 1156 434 1204; x_wconf 80' lang='lat' dir='ltr'>Van.</span> <span class='ocrx_word' id='word_1_58' title='bbox 454 1159 520 1208; x_wconf 75' lang='lat'>325:</span> <span class='ocrx_word' id='word_1_59' title='bbox 533 1159 649 1222; x_wconf 77' lang='lat' dir='ltr'>labellis,</span> <span class='ocrx_word' id='word_1_60' title='bbox 664 1177 707 1210; x_wconf 82' lang='lat' dir='ltr'>aa.</span> 
     </span>
     <span class='ocr_line' id='line_1_9' title="bbox 369 1249 1218 1320; baseline 0.009 -25"><span class='ocrx_word' id='word_1_61' title='bbox 369 1249 437 1300; x_wconf 80' lang='lat' dir='ltr'>Van.</span> <span class='ocrx_word' id='word_1_62' title='bbox 458 1251 519 1301; x_wconf 79' lang='lat'><strong>326.</strong></span> <span class='ocrx_word' id='word_1_63' title='bbox 538 1253 724 1320; x_wconf 70' lang='lat' dir='ltr'>Quadraginta,</span> <span class='ocrx_word' id='word_1_64' title='bbox 738 1255 777 1316; x_wconf 79' lang='grc' dir='ltr'>ιδ,</span> <span class='ocrx_word' id='word_1_65' title='bbox 792 1271 824 1304; x_wconf 85' lang='lat' dir='ltr'>ao</span> <span class='ocrx_word' id='word_1_66' title='bbox 835 1271 894 1303; x_wconf 81' lang='lat' dir='ltr'>am.</span> <span class='ocrx_word' id='word_1_67' title='bbox 904 1269 943 1319; x_wconf 85' lang='lat' dir='ltr'>pr.</span> <span class='ocrx_word' id='word_1_68' title='bbox 955 1269 1002 1314; x_wconf 73' lang='lat'>²¹²3</span> <span class='ocrx_word' id='word_1_69' title='bbox 1016 1254 1066 1304; x_wconf 83' lang='lat' dir='ltr'>vid.</span> <span class='ocrx_word' id='word_1_70' title='bbox 1080 1252 1112 1301; x_wconf 80' lang='lat' dir='ltr'>ad</span> <span class='ocrx_word' id='word_1_71' title='bbox 1124 1255 1152 1314; x_wconf 86' lang='lat'>1,</span> <span class='ocrx_word' id='word_1_72' title='bbox 1162 1256 1218 1303; x_wconf 74' lang='lat' dir='ltr'>rod.</span> 
     </span>
    </p>
   </div>
   <div class='ocr_carea' id='block_1_5' title="bbox 261 1343 1407 3272">
    <p class='ocr_par' dir='ltr' id='par_1_5' title="bbox 261 1343 1406 2256">
     <span class='ocr_line' id='line_1_10' title="bbox 371 1343 1401 1416; baseline -0.003 -21"><span class='ocrx_word' id='word_1_73' title='bbox 371 1343 441 1396; x_wconf 82' lang='lat' dir='ltr'>Nor.</span> <span class='ocrx_word' id='word_1_74' title='bbox 461 1343 609 1414; x_wconf 76' lang='lat'>325-329.</span> <span class='ocrx_word' id='word_1_75' title='bbox 628 1346 657 1400; x_wconf 86' lang='lat' dir='ltr'>Si</span> <span class='ocrx_word' id='word_1_76' title='bbox 681 1349 733 1399; x_wconf 76' lang='lat' dir='ltr'>laec</span> <span class='ocrx_word' id='word_1_77' title='bbox 754 1367 849 1416; x_wconf 84' lang='lat' dir='ltr'>quoque</span> <span class='ocrx_word' id='word_1_78' title='bbox 866 1365 962 1398; x_wconf 79' lang='lat' dir='ltr'>summa</span> <span class='ocrx_word' id='word_1_79' title='bbox 977 1345 1028 1398; x_wconf 83' lang='lat' dir='ltr'>tibi</span> <span class='ocrx_word' id='word_1_80' title='bbox 1043 1363 1099 1398; x_wconf 87' lang='lat' dir='ltr'>non</span> <span class='ocrx_word' id='word_1_81' title='bbox 1118 1343 1232 1408; x_wconf 75' lang='lat' dir='ltr'>sufficit,</span> <span class='ocrx_word' id='word_1_82' title='bbox 1254 1361 1324 1394; x_wconf 76' lang='lat' dir='ltr'>sunto</span> <span class='ocrx_word' id='word_1_83' title='bbox 1344 1345 1401 1393; x_wconf 82' lang='lat' dir='ltr'>daos</span> 
     </span>
     <span class='ocr_line' id='line_1_11' title="bbox 336 1425 1402 1502; baseline 0 -24"><span class='ocrx_word' id='word_1_84' title='bbox 336 1427 450 1494; x_wconf 80' lang='lat' dir='ltr'>Equites,</span> <span class='ocrx_word' id='word_1_85' title='bbox 462 1428 516 1482; x_wconf 87' lang='lat' dir='ltr'>hcc</span> <span class='ocrx_word' id='word_1_86' title='bbox 530 1442 582 1493; x_wconf 87' lang='lat' dir='ltr'>est,</span> <span class='ocrx_word' id='word_1_87' title='bbox 602 1448 670 1502; x_wconf 85' lang='lat' dir='ltr'>para</span> <span class='ocrx_word' id='word_1_88' title='bbox 680 1430 730 1484; x_wconf 83' lang='lat' dir='ltr'>tibi</span> <span class='ocrx_word' id='word_1_89' title='bbox 743 1449 852 1484; x_wconf 85' lang='lat' dir='ltr'>censum</span> <span class='ocrx_word' id='word_1_90' title='bbox 868 1429 985 1484; x_wconf 89' lang='lat' dir='ltr'>duorum</span> <span class='ocrx_word' id='word_1_91' title='bbox 1000 1430 1144 1502; x_wconf 83' lang='lat' dir='ltr'>Equitum,</span> <span class='ocrx_word' id='word_1_92' title='bbox 1161 1441 1188 1482; x_wconf 91' lang='lat' dir='ltr'>et</span> <span class='ocrx_word' id='word_1_93' title='bbox 1204 1428 1227 1482; x_wconf 89' lang='lat' dir='ltr'>si</span> <span class='ocrx_word' id='word_1_94' title='bbox 1240 1426 1270 1480; x_wconf 91' lang='lat' dir='ltr'>id</span> <span class='ocrx_word' id='word_1_95' title='bbox 1283 1425 1402 1480; x_wconf 89' lang='lat' dir='ltr'>nondum</span> 
     </span>
     <span class='ocr_line' id='line_1_12' title="bbox 337 1509 1402 1586; baseline -0.001 -24"><span class='ocrx_word' id='word_1_96' title='bbox 337 1511 400 1563; x_wconf 84' lang='lat' dir='ltr'>satis</span> <span class='ocrx_word' id='word_1_97' title='bbox 410 1511 458 1564; x_wconf 91' lang='lat' dir='ltr'>tibi</span> <span class='ocrx_word' id='word_1_98' title='bbox 472 1511 588 1579; x_wconf 84' lang='lat' dir='ltr'>videtur,</span> <span class='ocrx_word' id='word_1_99' title='bbox 598 1513 695 1568; x_wconf 90' lang='lat' dir='ltr'>trium:</span> <span class='ocrx_word' id='word_1_100' title='bbox 710 1512 757 1568; x_wconf 82' lang='lat' dir='ltr'>aed</span> <span class='ocrx_word' id='word_1_101' title='bbox 768 1515 822 1568; x_wconf 91' lang='lat' dir='ltr'>hoc</span> <span class='ocrx_word' id='word_1_102' title='bbox 831 1514 882 1567; x_wconf 91' lang='lat' dir='ltr'>tihi</span> <span class='ocrx_word' id='word_1_103' title='bbox 890 1513 1053 1586; x_wconf 84' lang='lat' dir='ltr'>persuadeas</span> <span class='ocrx_word' id='word_1_104' title='bbox 1064 1513 1160 1579; x_wconf 85' lang='lat' dir='ltr'>velim,</span> <span class='ocrx_word' id='word_1_105' title='bbox 1170 1509 1333 1584; x_wconf 87' lang='lat' dir='ltr'>cupiditates</span> <span class='ocrx_word' id='word_1_106' title='bbox 1342 1528 1402 1562; x_wconf 82' lang='lat' dir='ltr'>sva·</span> 
     </span>
     <span class='ocr_line' id='line_1_13' title="bbox 337 1593 1405 1669; baseline -0.002 -22"><span class='ocrx_word' id='word_1_107' title='bbox 337 1614 430 1648; x_wconf 89' lang='lat' dir='ltr'>rorum</span> <span class='ocrx_word' id='word_1_108' title='bbox 449 1615 597 1668; x_wconf 75' lang='lat' dir='ltr'><strong>numquam</strong></span> <span class='ocrx_word' id='word_1_109' title='bbox 620 1598 712 1651; x_wconf 87' lang='lat' dir='ltr'>satiari</span> <span class='ocrx_word' id='word_1_110' title='bbox 729 1617 778 1651; x_wconf 89' lang='lat' dir='ltr'>nec</span> <span class='ocrx_word' id='word_1_111' title='bbox 793 1598 855 1651; x_wconf 89' lang='lat' dir='ltr'>ullis</span> <span class='ocrx_word' id='word_1_112' title='bbox 869 1598 987 1652; x_wconf 80' lang='lat' dir='ltr'>temiinis</span> <span class='ocrx_word' id='word_1_113' title='bbox 1005 1597 1138 1651; x_wconf 83' lang='lat' dir='ltr'>contineri</span> <span class='ocrx_word' id='word_1_114' title='bbox 1150 1615 1237 1669; x_wconf 81' lang='lat' dir='ltr'>posse.</span> <span class='ocrx_word' id='word_1_115' title='bbox 1250 1593 1405 1649; x_wconf 89' lang='lat' dir='ltr'>Simillimus</span> 
     </span>
     <span class='ocr_line' id='line_1_14' title="bbox 333 1677 1404 1755; baseline -0.005 -26"><span class='ocrx_word' id='word_1_116' title='bbox 333 1679 411 1731; x_wconf 89' lang='lat' dir='ltr'>locus</span> <span class='ocrx_word' id='word_1_117' title='bbox 422 1677 536 1751; x_wconf 79' lang='lat' dir='ltr'>finisque</span> <span class='ocrx_word' id='word_1_118' title='bbox 549 1681 643 1734; x_wconf 80' lang='lat' dir='ltr'>Satires</span> <span class='ocrx_word' id='word_1_119' title='bbox 654 1693 694 1734; x_wconf 86' lang='lat' dir='ltr'>est</span> <span class='ocrx_word' id='word_1_120' title='bbox 701 1680 775 1755; x_wconf 86' lang='lat' dir='ltr'>apud</span> <span class='ocrx_word' id='word_1_121' title='bbox 786 1685 858 1735; x_wconf 86' lang='lat' dir='ltr'>Pers.</span> <span class='ocrx_word' id='word_1_122' title='bbox 869 1682 919 1746; x_wconf 87' lang='lat' dir='ltr'>vl,</span> <span class='ocrx_word' id='word_1_123' title='bbox 930 1683 1045 1753; x_wconf 84' lang='lat'><strong>75-80.</strong></span> <span class='ocrx_word' id='word_1_124' title='bbox 1055 1684 1114 1734; x_wconf 77' lang='lat' dir='ltr'>Hae</span> <span class='ocrx_word' id='word_1_125' title='bbox 1122 1699 1217 1748; x_wconf 82' lang='lat' dir='ltr'>quaque</span> <span class='ocrx_word' id='word_1_126' title='bbox 1226 1697 1332 1732; x_wconf 85' lang='lat' dir='ltr'>summa</span> <span class='ocrx_word' id='word_1_127' title='bbox 1341 1679 1364 1727; x_wconf 70' lang='grc' dir='ltr'>εἰ</span> <span class='ocrx_word' id='word_1_128' title='bbox 1369 1697 1404 1726; x_wconf 82' lang='lat' dir='ltr'>ru·</span> 
     </span>
     <span class='ocr_line' id='line_1_15' title="bbox 335 1759 1401 1834; baseline -0.004 -20"><span class='ocrx_word' id='word_1_129' title='bbox 335 1782 395 1829; x_wconf 81' lang='lat' dir='ltr'>gam</span> <span class='ocrx_word' id='word_1_130' title='bbox 404 1765 478 1814; x_wconf 66' lang='lat' dir='ltr'>aaut</span> <span class='ocrx_word' id='word_1_131' title='bbox 483 1767 638 1832; x_wconf 64' lang='lat' dir='ltr'>extendique</span> <span class='ocrx_word' id='word_1_132' title='bbox 650 1768 764 1818; x_wconf 75' lang='lat' dir='ltr'>labelhun</span> <span class='ocrx_word' id='word_1_133' title='bbox 773 1805 781 1832; x_wconf 90' lang='lat'>,</span> <span class='ocrx_word' id='word_1_134' title='bbox 791 1779 823 1820; x_wconf 89' lang='lat' dir='ltr'>ut</span> <span class='ocrx_word' id='word_1_135' title='bbox 832 1768 984 1834; x_wconf 86' lang='lat' dir='ltr'>contrajam</span> <span class='ocrx_word' id='word_1_136' title='bbox 991 1767 1056 1816; x_wconf 81' lang='lat' dir='ltr'>redit</span> <span class='ocrx_word' id='word_1_137' title='bbox 1065 1766 1199 1832; x_wconf 72' lang='lat' dir='ltr'>inuigans,</span> <span class='ocrx_word' id='word_1_138' title='bbox 1209 1763 1262 1815; x_wconf 90' lang='lat' dir='ltr'>hoc</span> <span class='ocrx_word' id='word_1_139' title='bbox 1273 1773 1327 1823; x_wconf 87' lang='lat' dir='ltr'>est,</span> <span class='ocrx_word' id='word_1_140' title='bbox 1335 1759 1401 1811; x_wconf 88' lang='lat' dir='ltr'>mul-</span> 
     </span>
     <span class='ocr_line' id='line_1_16' title="bbox 261 1843 1403 1922; baseline -0.003 -26"><span class='ocrx_word' id='word_1_141' title='bbox 261 1913 265 1922; x_wconf 20' lang='grc' dir='ltr'>ἢ</span> <span class='ocrx_word' id='word_1_142' title='bbox 339 1845 485 1917; x_wconf 87' lang='lat' dir='ltr'>tiplicatur,</span> <span class='ocrx_word' id='word_1_143' title='bbox 501 1847 749 1912; x_wconf 67' lang='grc' dir='ltr'><strong>πολλαπλωάζιται,</strong></span> <span class='ocrx_word' id='word_1_144' title='bbox 760 1847 835 1921; x_wconf 87' lang='lat' dir='ltr'>apud</span> <span class='ocrx_word' id='word_1_145' title='bbox 848 1851 921 1902; x_wconf 87' lang='lat' dir='ltr'>Pers.</span> <span class='ocrx_word' id='word_1_146' title='bbox 936 1850 995 1913; x_wconf 85' lang='lat' dir='ltr'>vt,</span> <span class='ocrx_word' id='word_1_147' title='bbox 1006 1867 1050 1919; x_wconf 84' lang='lat'>79,</span> <span class='ocrx_word' id='word_1_148' title='bbox 1065 1847 1114 1900; x_wconf 86' lang='lat' dir='ltr'>ubi</span> <span class='ocrx_word' id='word_1_149' title='bbox 1129 1847 1246 1900; x_wconf 85' lang='lat' dir='ltr'>Casaub.</span> <span class='ocrx_word' id='word_1_150' title='bbox 1257 1857 1285 1898; x_wconf 88' lang='lat' dir='ltr'>et</span> <span class='ocrx_word' id='word_1_151' title='bbox 1299 1843 1403 1912; x_wconf 81' lang='lat' dir='ltr'>Koenig.</span> 
     </span>
     <span class='ocr_line' id='line_1_17' title="bbox 337 1927 1402 2005; baseline -0.007 -22"><span class='ocrx_word' id='word_1_152' title='bbox 337 1931 420 1984; x_wconf 86' lang='lat' dir='ltr'>verba</span> <span class='ocrx_word' id='word_1_153' title='bbox 431 1943 523 1986; x_wconf 86' lang='lat' dir='ltr'>nostra</span> <span class='ocrx_word' id='word_1_154' title='bbox 533 1931 742 2005; x_wconf 74' lang='lat' dir='ltr'>interpretantur</span> <span class='ocrx_word' id='word_1_155' title='bbox 753 1933 811 1988; x_wconf 83' lang='lat' dir='ltr'>its:</span> <span class='ocrx_word' id='word_1_156' title='bbox 825 1934 848 1986; x_wconf 83' lang='lat' dir='ltr'>ai</span> <span class='ocrx_word' id='word_1_157' title='bbox 862 1951 966 1986; x_wconf 85' lang='lat' dir='ltr'>summa</span> <span class='ocrx_word' id='word_1_158' title='bbox 982 1930 1107 1985; x_wconf 87' lang='lat' dir='ltr'>nondum</span> <span class='ocrx_word' id='word_1_159' title='bbox 1119 1928 1206 1983; x_wconf 88' lang='lat' dir='ltr'>tendit</span> <span class='ocrx_word' id='word_1_160' title='bbox 1215 1946 1302 2000; x_wconf 87' lang='lat' dir='ltr'>neque</span> <span class='ocrx_word' id='word_1_161' title='bbox 1316 1927 1402 1998; x_wconf 81' lang='lat' dir='ltr'>explet</span> 
     </span>
     <span class='ocr_line' id='line_1_18' title="bbox 337 2003 1406 2086; baseline -0.006 -20"><span class='ocrx_word' id='word_1_162' title='bbox 337 2003 517 2086; x_wconf 80' lang='lat' dir='ltr'>marsupium,</span> <span class='ocrx_word' id='word_1_163' title='bbox 529 2015 577 2070; x_wconf 88' lang='lat' dir='ltr'>sed</span> <span class='ocrx_word' id='word_1_164' title='bbox 589 2015 679 2070; x_wconf 88' lang='lat' dir='ltr'>adhuc</span> <span class='ocrx_word' id='word_1_165' title='bbox 690 2017 769 2070; x_wconf 86' lang='lat' dir='ltr'>hians</span> <span class='ocrx_word' id='word_1_166' title='bbox 778 2030 806 2072; x_wconf 86' lang='lat' dir='ltr'>et</span> <span class='ocrx_word' id='word_1_167' title='bbox 815 2018 907 2072; x_wconf 84' lang='lat' dir='ltr'>laxum</span> <span class='ocrx_word' id='word_1_168' title='bbox 917 2030 993 2070; x_wconf 77' lang='lat' dir='ltr'>eston</span> <span class='ocrx_word' id='word_1_169' title='bbox 1002 2015 1084 2068; x_wconf 84' lang='lat' dir='ltr'>illius.</span> <span class='ocrx_word' id='word_1_170' title='bbox 1104 2015 1165 2068; x_wconf 85' lang='lat' dir='ltr'>Hoc</span> <span class='ocrx_word' id='word_1_171' title='bbox 1176 2014 1313 2084; x_wconf 74' lang='lat' dir='ltr'>eleganter</span> <span class='ocrx_word' id='word_1_172' title='bbox 1319 2023 1406 2063; x_wconf 81' lang='lat' dir='ltr'>trans-</span> 
     </span>
     <span class='ocr_line' id='line_1_19' title="bbox 338 2092 1404 2172; baseline -0.002 -25"><span class='ocrx_word' id='word_1_173' title='bbox 338 2095 423 2149; x_wconf 88' lang='lat' dir='ltr'>latum</span> <span class='ocrx_word' id='word_1_174' title='bbox 435 2109 533 2169; x_wconf 89' lang='lat' dir='ltr'>putant</span> <span class='ocrx_word' id='word_1_175' title='bbox 547 2118 562 2152; x_wconf 86' lang='lat' dir='ltr'>a</span> <span class='ocrx_word' id='word_1_176' title='bbox 576 2099 709 2164; x_wconf 84' lang='lat' dir='ltr'>vestibus,</span> <span class='ocrx_word' id='word_1_177' title='bbox 722 2117 797 2172; x_wconf 80' lang='lat' dir='ltr'>quse,</span> <span class='ocrx_word' id='word_1_178' title='bbox 809 2119 864 2172; x_wconf 88' lang='lat' dir='ltr'>quo</span> <span class='ocrx_word' id='word_1_179' title='bbox 879 2099 962 2152; x_wconf 88' lang='lat' dir='ltr'>ditior</span> <span class='ocrx_word' id='word_1_180' title='bbox 975 2097 1072 2169; x_wconf 81' lang='lat' dir='ltr'>aliquis</span> <span class='ocrx_word' id='word_1_181' title='bbox 1083 2109 1153 2152; x_wconf 85' lang='lat' dir='ltr'>esset</span> <span class='ocrx_word' id='word_1_182' title='bbox 1162 2110 1191 2149; x_wconf 91' lang='lat' dir='ltr'>et</span> <span class='ocrx_word' id='word_1_183' title='bbox 1200 2092 1354 2166; x_wconf 74' lang='lat' dir='ltr'>elegantior,</span> <span class='ocrx_word' id='word_1_184' title='bbox 1372 2111 1404 2146; x_wconf 88' lang='lat' dir='ltr'>eo</span> 
     </span>
     <span class='ocr_line' id='line_1_20' title="bbox 340 2179 1137 2256; baseline 0.005 -25"><span class='ocrx_word' id='word_1_185' title='bbox 340 2179 454 2234; x_wconf 84' lang='lat' dir='ltr'>laxiores</span> <span class='ocrx_word' id='word_1_186' title='bbox 465 2181 563 2235; x_wconf 85' lang='lat' dir='ltr'>luerint</span> <span class='ocrx_word' id='word_1_187' title='bbox 574 2195 601 2236; x_wconf 85' lang='lat' dir='ltr'>et</span> <span class='ocrx_word' id='word_1_188' title='bbox 612 2183 727 2237; x_wconf 79' lang='lat' dir='ltr'>fusiores</span> <span class='ocrx_word' id='word_1_189' title='bbox 740 2203 826 2256; x_wconf 89' lang='lat' dir='ltr'>eoque</span> <span class='ocrx_word' id='word_1_190' title='bbox 838 2183 924 2255; x_wconf 82' lang='lat' dir='ltr'>magis</span> <span class='ocrx_word' id='word_1_191' title='bbox 935 2194 1053 2254; x_wconf 72' lang='lat' dir='ltr'>rugata,</span> <span class='ocrx_word' id='word_1_192' title='bbox 1064 2179 1137 2236; x_wconf 87' lang='lat' dir='ltr'>unde</span> 
     </span>
    </p>

    <p class='ocr_par' dir='ltr' id='par_1_6' title="bbox 339 2277 1407 3272">
     <span class='ocr_line' id='line_1_21' title="bbox 483 2277 982 2343; baseline 0.002 -18"><span class='ocrx_word' id='word_1_193' title='bbox 483 2309 488 2318; x_wconf 82' lang='lat'><em>-</em></span> <span class='ocrx_word' id='word_1_194' title='bbox 570 2279 647 2326; x_wconf 74' lang='lat' dir='ltr'>Effluit</span> <span class='ocrx_word' id='word_1_195' title='bbox 657 2279 731 2327; x_wconf 76' lang='lat' dir='ltr'>effuso</span> <span class='ocrx_word' id='word_1_196' title='bbox 741 2285 780 2328; x_wconf 80' lang='lat' dir='ltr'>eut</span> <span class='ocrx_word' id='word_1_197' title='bbox 790 2277 907 2343; x_wconf 78' lang='lat' dir='ltr'>sogslm</span> <span class='ocrx_word' id='word_1_198' title='bbox 917 2282 982 2332; x_wconf 80' lang='lat' dir='ltr'>sian,</span> 
     </span>
     <span class='ocr_line' id='line_1_22' title="bbox 340 2357 1406 2438; baseline -0.006 -23"><span class='ocrx_word' id='word_1_199' title='bbox 340 2362 413 2435; x_wconf 90' lang='lat' dir='ltr'>apud</span> <span class='ocrx_word' id='word_1_200' title='bbox 422 2363 527 2417; x_wconf 90' lang='lat' dir='ltr'>Tibull.</span> <span class='ocrx_word' id='word_1_201' title='bbox 544 2367 575 2431; x_wconf 93' lang='lat'>1,</span> <span class='ocrx_word' id='word_1_202' title='bbox 588 2370 621 2431; x_wconf 87' lang='lat'>6,</span> <span class='ocrx_word' id='word_1_203' title='bbox 635 2373 683 2432; x_wconf 68' lang='lat' dir='ltr'>to;</span> <span class='ocrx_word' id='word_1_204' title='bbox 698 2379 726 2420; x_wconf 85' lang='lat' dir='ltr'>at</span> <span class='ocrx_word' id='word_1_205' title='bbox 736 2369 857 2421; x_wconf 87' lang='lat' dir='ltr'>Britann.</span> <span class='ocrx_word' id='word_1_206' title='bbox 870 2387 886 2421; x_wconf 87' lang='lat' dir='ltr'>a</span> <span class='ocrx_word' id='word_1_207' title='bbox 900 2385 993 2428; x_wconf 83' lang='lat' dir='ltr'>sacco,</span> <span class='ocrx_word' id='word_1_208' title='bbox 1008 2363 1070 2437; x_wconf 86' lang='lat' dir='ltr'>qui,</span> <span class='ocrx_word' id='word_1_209' title='bbox 1085 2382 1169 2437; x_wconf 89' lang='lat' dir='ltr'>quum</span> <span class='ocrx_word' id='word_1_210' title='bbox 1183 2365 1277 2438; x_wconf 84' lang='lat' dir='ltr'>plenus</span> <span class='ocrx_word' id='word_1_211' title='bbox 1288 2379 1344 2413; x_wconf 89' lang='lat' dir='ltr'>non</span> <span class='ocrx_word' id='word_1_212' title='bbox 1355 2357 1406 2422; x_wconf 87' lang='lat' dir='ltr'>sit,</span> 
     </span>
     <span class='ocr_line' id='line_1_23' title="bbox 339 2444 1407 2521; baseline -0.009 -16"><span class='ocrx_word' id='word_1_213' title='bbox 339 2467 434 2519; x_wconf 78' lang='lat' dir='ltr'>rugam</span> <span class='ocrx_word' id='word_1_214' title='bbox 444 2449 541 2501; x_wconf 65' lang='lat' dir='ltr'>uehat.</span> <span class='ocrx_word' id='word_1_215' title='bbox 557 2450 642 2504; x_wconf 87' lang='lat' dir='ltr'>Vetus</span> <span class='ocrx_word' id='word_1_216' title='bbox 654 2464 743 2504; x_wconf 90' lang='lat' dir='ltr'>autem</span> <span class='ocrx_word' id='word_1_217' title='bbox 754 2452 847 2504; x_wconf 89' lang='lat' dir='ltr'>Schol.</span> <span class='ocrx_word' id='word_1_218' title='bbox 862 2462 889 2504; x_wconf 93' lang='lat' dir='ltr'>et</span> <span class='ocrx_word' id='word_1_219' title='bbox 903 2449 1025 2521; x_wconf 85' lang='lat' dir='ltr'>plerique</span> <span class='ocrx_word' id='word_1_220' title='bbox 1042 2449 1130 2520; x_wconf 86' lang='lat' dir='ltr'>intpp.</span> <span class='ocrx_word' id='word_1_221' title='bbox 1148 2465 1255 2500; x_wconf 83' lang='lat' dir='ltr'>sensum</span> <span class='ocrx_word' id='word_1_222' title='bbox 1265 2444 1407 2498; x_wconf 77' lang='lat' dir='ltr'>verborum</span> 
     </span>
     <span class='ocr_line' id='line_1_24' title="bbox 340 2528 1405 2602; baseline -0.007 -18"><span class='ocrx_word' id='word_1_223' title='bbox 340 2532 379 2584; x_wconf 85' lang='lat' dir='ltr'>ita</span> <span class='ocrx_word' id='word_1_224' title='bbox 385 2530 531 2601; x_wconf 88' lang='lat' dir='ltr'>expediunt</span> <span class='ocrx_word' id='word_1_225' title='bbox 541 2549 548 2584; x_wconf 93' lang='lat'><strong>:</strong></span> <span class='ocrx_word' id='word_1_226' title='bbox 559 2534 583 2583; x_wconf 85' lang='lat' dir='ltr'>si</span> <span class='ocrx_word' id='word_1_227' title='bbox 593 2534 645 2584; x_wconf 76' lang='lat' dir='ltr'>icas</span> <span class='ocrx_word' id='word_1_228' title='bbox 655 2553 748 2602; x_wconf 85' lang='lat' dir='ltr'>qaoque</span> <span class='ocrx_word' id='word_1_229' title='bbox 757 2553 851 2585; x_wconf 81' lang='lat' dir='ltr'>summa</span> <span class='ocrx_word' id='word_1_230' title='bbox 859 2551 933 2601; x_wconf 74' lang='lat' dir='ltr'>nagor</span> <span class='ocrx_word' id='word_1_231' title='bbox 941 2532 970 2584; x_wconf 86' lang='lat' dir='ltr'>in</span> <span class='ocrx_word' id='word_1_232' title='bbox 981 2531 1069 2584; x_wconf 82' lang='lat' dir='ltr'>fronte</span> <span class='ocrx_word' id='word_1_233' title='bbox 1078 2543 1125 2584; x_wconf 88' lang='lat' dir='ltr'>tua</span> <span class='ocrx_word' id='word_1_234' title='bbox 1137 2529 1285 2594; x_wconf 68' lang='lat' dir='ltr'>manabit,</span> <span class='ocrx_word' id='word_1_235' title='bbox 1296 2528 1347 2580; x_wconf 88' lang='lat' dir='ltr'>hoc</span> <span class='ocrx_word' id='word_1_236' title='bbox 1353 2539 1405 2586; x_wconf 85' lang='lat' dir='ltr'>est,</span> 
     </span>
     <span class='ocr_line' id='line_1_25' title="bbox 341 2608 1406 2688; baseline -0.005 -21"><span class='ocrx_word' id='word_1_237' title='bbox 341 2627 368 2667; x_wconf 89' lang='lat' dir='ltr'>te</span> <span class='ocrx_word' id='word_1_238' title='bbox 380 2615 483 2668; x_wconf 80' lang='lat' dir='ltr'>tristem</span> <span class='ocrx_word' id='word_1_239' title='bbox 499 2614 563 2668; x_wconf 85' lang='lat' dir='ltr'>lacit</span> <span class='ocrx_word' id='word_1_240' title='bbox 581 2613 701 2688; x_wconf 78' lang='lat' dir='ltr'>adeoque</span> <span class='ocrx_word' id='word_1_241' title='bbox 715 2617 766 2669; x_wconf 85' lang='lat' dir='ltr'>tihi</span> <span class='ocrx_word' id='word_1_242' title='bbox 783 2615 922 2688; x_wconf 86' lang='lat' dir='ltr'>displicet,</span> <span class='ocrx_word' id='word_1_243' title='bbox 942 2633 998 2668; x_wconf 85' lang='lat' dir='ltr'>non</span> <span class='ocrx_word' id='word_1_244' title='bbox 1012 2614 1077 2668; x_wconf 86' lang='lat' dir='ltr'>satis</span> <span class='ocrx_word' id='word_1_245' title='bbox 1090 2633 1189 2686; x_wconf 84' lang='lat' dir='ltr'>magna</span> <span class='ocrx_word' id='word_1_246' title='bbox 1203 2611 1320 2666; x_wconf 83' lang='lat' dir='ltr'>ridetur.</span> <span class='ocrx_word' id='word_1_247' title='bbox 1334 2608 1406 2664; x_wconf 91' lang='lat' dir='ltr'>lllnd</span> 
     </span>
     <span class='ocr_line' id='line_1_26' title="bbox 341 2696 1405 2770; baseline -0.004 -20"><span class='ocrx_word' id='word_1_248' title='bbox 341 2697 461 2750; x_wconf 82' lang='lat' dir='ltr'>arridere</span> <span class='ocrx_word' id='word_1_249' title='bbox 474 2710 574 2769; x_wconf 83' lang='lat' dir='ltr'>potest,</span> <span class='ocrx_word' id='word_1_250' title='bbox 588 2699 718 2770; x_wconf 90' lang='lat' dir='ltr'>quoniam</span> <span class='ocrx_word' id='word_1_251' title='bbox 736 2713 794 2753; x_wconf 89' lang='lat' dir='ltr'>tum</span> <span class='ocrx_word' id='word_1_252' title='bbox 807 2719 846 2753; x_wconf 83' lang='lat' dir='ltr'>vs.</span> <span class='ocrx_word' id='word_1_253' title='bbox 866 2699 916 2770; x_wconf 79' lang='lat'>3²7</span> <span class='ocrx_word' id='word_1_254' title='bbox 930 2698 1104 2770; x_wconf 89' lang='lat' dir='ltr'>metaphora,</span> <span class='ocrx_word' id='word_1_255' title='bbox 1116 2717 1132 2751; x_wconf 90' lang='lat' dir='ltr'>a</span> <span class='ocrx_word' id='word_1_256' title='bbox 1149 2710 1223 2752; x_wconf 86' lang='lat' dir='ltr'>veste</span> <span class='ocrx_word' id='word_1_257' title='bbox 1235 2696 1330 2768; x_wconf 87' lang='lat' dir='ltr'>petita,</span> <span class='ocrx_word' id='word_1_258' title='bbox 1344 2713 1405 2748; x_wconf 89' lang='lat' dir='ltr'>con·</span> 
     </span>
     <span class='ocr_line' id='line_1_27' title="bbox 341 2780 1406 2854; baseline -0.007 -21"><span class='ocrx_word' id='word_1_259' title='bbox 341 2781 479 2846; x_wconf 82' lang='lat' dir='ltr'>tinuatur,</span> <span class='ocrx_word' id='word_1_260' title='bbox 493 2792 521 2834; x_wconf 91' lang='lat' dir='ltr'>et</span> <span class='ocrx_word' id='word_1_261' title='bbox 534 2799 594 2854; x_wconf 87' lang='lat' dir='ltr'>sup.</span> <span class='ocrx_word' id='word_1_262' title='bbox 611 2801 649 2835; x_wconf 84' lang='lat' dir='ltr'>vs.</span> <span class='ocrx_word' id='word_1_263' title='bbox 665 2784 715 2837; x_wconf 72' lang='lat'>138</span> <span class='ocrx_word' id='word_1_264' title='bbox 729 2782 763 2836; x_wconf 91' lang='lat' dir='ltr'>de</span> <span class='ocrx_word' id='word_1_265' title='bbox 778 2782 871 2836; x_wconf 87' lang='lat' dir='ltr'>eadem</span> <span class='ocrx_word' id='word_1_266' title='bbox 885 2801 914 2836; x_wconf 90' lang='lat' dir='ltr'>re</span> <span class='ocrx_word' id='word_1_267' title='bbox 931 2780 1031 2835; x_wconf 88' lang='lat' dir='ltr'>dicitur</span> <span class='ocrx_word' id='word_1_268' title='bbox 1038 2785 1116 2850; x_wconf 79' lang='lat' dir='ltr'>pleno</span> <span class='ocrx_word' id='word_1_269' title='bbox 1128 2801 1203 2850; x_wconf 83' lang='lat' dir='ltr'>quum</span> <span class='ocrx_word' id='word_1_270' title='bbox 1214 2780 1406 2849; x_wconf 70' lang='lat' dir='ltr'>turgetsaeculus</span> 
     </span>
     <span class='ocr_line' id='line_1_28' title="bbox 341 2861 1405 2938; baseline -0.003 -24"><span class='ocrx_word' id='word_1_271' title='bbox 341 2885 391 2918; x_wconf 84' lang='lat' dir='ltr'>ore.</span> <span class='ocrx_word' id='word_1_272' title='bbox 409 2865 471 2919; x_wconf 86' lang='lat' dir='ltr'>Hoc</span> <span class='ocrx_word' id='word_1_273' title='bbox 490 2885 568 2933; x_wconf 81' lang='lat' dir='ltr'>vero,</span> <span class='ocrx_word' id='word_1_274' title='bbox 588 2871 650 2938; x_wconf 89' lang='lat' dir='ltr'>quia</span> <span class='ocrx_word' id='word_1_275' title='bbox 666 2866 840 2938; x_wconf 72' lang='lat' dir='ltr'>stibjungitur</span> <span class='ocrx_word' id='word_1_276' title='bbox 853 2867 1011 2936; x_wconf 78' lang='lat' dir='ltr'>extenditque</span> <span class='ocrx_word' id='word_1_277' title='bbox 1028 2869 1155 2925; x_wconf 75' lang='lat' dir='ltr'>labellus,</span> <span class='ocrx_word' id='word_1_278' title='bbox 1175 2884 1231 2936; x_wconf 91' lang='lat' dir='ltr'>quo</span> <span class='ocrx_word' id='word_1_279' title='bbox 1248 2882 1303 2916; x_wconf 91' lang='lat' dir='ltr'>uon</span> <span class='ocrx_word' id='word_1_280' title='bbox 1320 2861 1405 2914; x_wconf 86' lang='lat' dir='ltr'>minus</span> 
     </span>
     <span class='ocr_line' id='line_1_29' title="bbox 341 2945 1403 3022; baseline -0.005 -21"><span class='ocrx_word' id='word_1_281' title='bbox 341 2947 473 3021; x_wconf 78' lang='lat' dir='ltr'>egritudo</span> <span class='ocrx_word' id='word_1_282' title='bbox 486 2961 514 3003; x_wconf 90' lang='lat' dir='ltr'>et</span> <span class='ocrx_word' id='word_1_283' title='bbox 526 2969 601 3005; x_wconf 84' lang='lat' dir='ltr'>mens</span> <span class='ocrx_word' id='word_1_284' title='bbox 613 2967 709 3022; x_wconf 82' lang='lat' dir='ltr'>pamm</span> <span class='ocrx_word' id='word_1_285' title='bbox 720 2962 845 3004; x_wconf 85' lang='lat' dir='ltr'>contenta</span> <span class='ocrx_word' id='word_1_286' title='bbox 855 2947 1048 3014; x_wconf 85' lang='lat' dir='ltr'>adumbratnr;</span> <span class='ocrx_word' id='word_1_287' title='bbox 1060 2947 1133 3002; x_wconf 89' lang='lat' dir='ltr'>unde</span> <span class='ocrx_word' id='word_1_288' title='bbox 1144 2948 1261 3001; x_wconf 77' lang='lat' dir='ltr'>Farnals.</span> <span class='ocrx_word' id='word_1_289' title='bbox 1272 2966 1324 2999; x_wconf 90' lang='lat' dir='ltr'>non</span> <span class='ocrx_word' id='word_1_290' title='bbox 1334 2945 1403 2998; x_wconf 85' lang='lat' dir='ltr'>male</span> 
     </span>
     <span class='ocr_line' id='line_1_30' title="bbox 340 3030 1404 3106; baseline -0.007 -21"><span class='ocrx_word' id='word_1_291' title='bbox 340 3033 451 3105; x_wconf 87' lang='lat' dir='ltr'>exponit</span> <span class='ocrx_word' id='word_1_292' title='bbox 466 3033 493 3085; x_wconf 93' lang='lat' dir='ltr'>h.</span> <span class='ocrx_word' id='word_1_293' title='bbox 508 3032 560 3087; x_wconf 92' lang='lat' dir='ltr'>loc.</span> <span class='ocrx_word' id='word_1_294' title='bbox 573 3033 621 3087; x_wconf 78' lang='lat' dir='ltr'>«Si</span> <span class='ocrx_word' id='word_1_295' title='bbox 633 3033 690 3087; x_wconf 77' lang='lat' dir='ltr'>hac</span> <span class='ocrx_word' id='word_1_296' title='bbox 702 3052 809 3106; x_wconf 87' lang='lat' dir='ltr'>quoque</span> <span class='ocrx_word' id='word_1_297' title='bbox 823 3051 928 3086; x_wconf 89' lang='lat' dir='ltr'>summa</span> <span class='ocrx_word' id='word_1_298' title='bbox 941 3047 968 3087; x_wconf 90' lang='lat' dir='ltr'>te</span> <span class='ocrx_word' id='word_1_299' title='bbox 981 3033 1066 3104; x_wconf 82' lang='lat' dir='ltr'>cogit,</span> <span class='ocrx_word' id='word_1_300' title='bbox 1084 3031 1159 3102; x_wconf 91' lang='lat' dir='ltr'>quod</span> <span class='ocrx_word' id='word_1_301' title='bbox 1172 3032 1252 3102; x_wconf 77' lang='lat' dir='ltr'>angli</span> <span class='ocrx_word' id='word_1_302' title='bbox 1263 3030 1368 3088; x_wconf 84' lang='lat' dir='ltr'>dicunt,</span> <span class='ocrx_word' id='word_1_303' title='bbox 1379 3043 1404 3078; x_wconf 84' lang='lat' dir='ltr'>to</span> 
     </span>
     <span class='ocr_line' id='line_1_31' title="bbox 340 3111 1405 3188; baseline -0.007 -21"><span class='ocrx_word' id='word_1_304' title='bbox 340 3120 406 3168; x_wconf 83' lang='lat' dir='ltr'>bend</span> <span class='ocrx_word' id='word_1_305' title='bbox 416 3120 457 3168; x_wconf 82' lang='lat' dir='ltr'>tlte</span> <span class='ocrx_word' id='word_1_306' title='bbox 465 3120 532 3168; x_wconf 74' lang='lat' dir='ltr'>bruto</span> <span class='ocrx_word' id='word_1_307' title='bbox 541 3120 596 3168; x_wconf 77' lang='lat' dir='ltr'>aad</span> <span class='ocrx_word' id='word_1_308' title='bbox 603 3119 717 3188; x_wconf 77' lang='lat' dir='ltr'>ltnngtite</span> <span class='ocrx_word' id='word_1_309' title='bbox 726 3121 771 3185; x_wconf 74' lang='lat' dir='ltr'>tip.</span> <span class='ocrx_word' id='word_1_310' title='bbox 778 3143 791 3162; x_wconf 71' lang='lat' dir='ltr'>n</span> <span class='ocrx_word' id='word_1_311' title='bbox 801 3117 920 3170; x_wconf 86' lang='lat' dir='ltr'>Britann.</span> <span class='ocrx_word' id='word_1_312' title='bbox 931 3129 1020 3170; x_wconf 82' lang='lat' dir='ltr'>tamen</span> <span class='ocrx_word' id='word_1_313' title='bbox 1030 3115 1084 3168; x_wconf 82' lang='lat' dir='ltr'>ltoc</span> <span class='ocrx_word' id='word_1_314' title='bbox 1096 3127 1234 3186; x_wconf 83' lang='lat' dir='ltr'>sumptum</span> <span class='ocrx_word' id='word_1_315' title='bbox 1241 3111 1405 3166; x_wconf 84' lang='lat' dir='ltr'>existimabat</span> 
     </span>
     <span class='ocr_line' id='line_1_32' title="bbox 341 3192 1404 3272; baseline -0.007 -19"><span class='ocrx_word' id='word_1_316' title='bbox 341 3201 377 3253; x_wconf 89' lang='lat' dir='ltr'>ab</span> <span class='ocrx_word' id='word_1_317' title='bbox 390 3201 435 3264; x_wconf 89' lang='lat' dir='ltr'>iis,</span> <span class='ocrx_word' id='word_1_318' title='bbox 448 3200 496 3272; x_wconf 94' lang='lat' dir='ltr'>qui</span> <span class='ocrx_word' id='word_1_319' title='bbox 506 3213 642 3272; x_wconf 77' lang='lat' dir='ltr'>tamquam</span> <span class='ocrx_word' id='word_1_320' title='bbox 655 3201 771 3255; x_wconf 84' lang='lat' dir='ltr'>famelici</span> <span class='ocrx_word' id='word_1_321' title='bbox 782 3201 858 3254; x_wconf 89' lang='lat' dir='ltr'>labra</span> <span class='ocrx_word' id='word_1_322' title='bbox 872 3201 927 3253; x_wconf 86' lang='lat' dir='ltr'>oris</span> <span class='ocrx_word' id='word_1_323' title='bbox 936 3197 1082 3252; x_wconf 87' lang='lat' dir='ltr'>extendant</span> <span class='ocrx_word' id='word_1_324' title='bbox 1091 3197 1128 3250; x_wconf 87' lang='lat' dir='ltr'>ad</span> <span class='ocrx_word' id='word_1_325' title='bbox 1136 3198 1229 3250; x_wconf 88' lang='lat' dir='ltr'>cibum</span> <span class='ocrx_word' id='word_1_326' title='bbox 1240 3192 1404 3267; x_wconf 87' lang='lat' dir='ltr'>capiendum.</span> 
     </span>
    </p>
   </div>
   <div class='ocr_carea' id='block_1_6' title="bbox 340 3281 1493 3357">
    <p class='ocr_par' dir='ltr' id='par_1_7' title="bbox 340 3281 1493 3357">
     <span class='ocr_line' id='line_1_33' title="bbox 340 3281 1493 3357; baseline -0.006 -22"><span class='ocrx_word' id='word_1_327' title='bbox 340 3284 423 3336; x_wconf 89' lang='lat' dir='ltr'>Poeta</span> <span class='ocrx_word' id='word_1_328' title='bbox 434 3284 516 3336; x_wconf 89' lang='lat' dir='ltr'>etiam</span> <span class='ocrx_word' id='word_1_329' title='bbox 527 3283 580 3336; x_wconf 89' lang='lat' dir='ltr'>alia</span> <span class='ocrx_word' id='word_1_330' title='bbox 592 3285 632 3336; x_wconf 93' lang='lat' dir='ltr'>uti</span> <span class='ocrx_word' id='word_1_331' title='bbox 645 3285 734 3356; x_wconf 92' lang='lat' dir='ltr'>potuit</span> <span class='ocrx_word' id='word_1_332' title='bbox 745 3281 1035 3357; x_wconf 80' lang='lat' dir='ltr'>metaphora.&#39;-Tests&#39;a</span> <span class='ocrx_word' id='word_1_333' title='bbox 1044 3284 1240 3352; x_wconf 74' lang='lat' dir='ltr'>quadringenta,</span> <span class='ocrx_word' id='word_1_334' title='bbox 1250 3292 1302 3332; x_wconf 86' lang='lat' dir='ltr'>tres</span> <span class='ocrx_word' id='word_1_335' title='bbox 1311 3296 1401 3330; x_wconf 84' lang='lat' dir='ltr'>census</span> <span class='ocrx_word' id='word_1_336' title='bbox 1492 3299 1493 3308; x_wconf 51' lang='lat'>¹</span> 
     </span>
    </p>
   </div>
   <div class='ocr_carea' id='block_1_7' title="bbox 339 3359 1403 3524">
    <p class='ocr_par' dir='ltr' id='par_1_8' title="bbox 339 3359 1403 3524">
     <span class='ocr_line' id='line_1_34' title="bbox 339 3359 1403 3438; baseline -0.005 -20"><span class='ocrx_word' id='word_1_337' title='bbox 339 3377 489 3438; x_wconf 75' lang='lat' dir='ltr'>equestres,</span> <span class='ocrx_word' id='word_1_338' title='bbox 507 3366 562 3419; x_wconf 87' lang='lat' dir='ltr'>hoc</span> <span class='ocrx_word' id='word_1_339' title='bbox 575 3379 628 3428; x_wconf 89' lang='lat' dir='ltr'>est,</span> <span class='ocrx_word' id='word_1_340' title='bbox 650 3385 760 3420; x_wconf 88' lang='lat' dir='ltr'>censum</span> <span class='ocrx_word' id='word_1_341' title='bbox 777 3368 954 3431; x_wconf 86' lang='lat' dir='ltr'>senatorium,</span> <span class='ocrx_word' id='word_1_342' title='bbox 973 3385 1054 3437; x_wconf 88' lang='lat' dir='ltr'>quem</span> <span class='ocrx_word' id='word_1_343' title='bbox 1066 3369 1200 3436; x_wconf 79' lang='lat' dir='ltr'>Angustus</span> <span class='ocrx_word' id='word_1_344' title='bbox 1212 3362 1248 3417; x_wconf 90' lang='lat' dir='ltr'>ad</span> <span class='ocrx_word' id='word_1_345' title='bbox 1266 3359 1403 3416; x_wconf 76' lang='lat' dir='ltr'>duodecies</span> 
     </span>
     <span class='ocr_line' id='line_1_35' title="bbox 340 3447 1280 3524; baseline -0.003 -22"><span class='ocrx_word' id='word_1_346' title='bbox 340 3449 490 3503; x_wconf 78' lang='lat' dir='ltr'>sestertium</span> <span class='ocrx_word' id='word_1_347' title='bbox 499 3449 582 3502; x_wconf 80' lang='lat' dir='ltr'>auxit.</span> <span class='ocrx_word' id='word_1_348' title='bbox 597 3449 662 3505; x_wconf 85' lang='lat' dir='ltr'>vid.</span> <span class='ocrx_word' id='word_1_349' title='bbox 676 3449 748 3505; x_wconf 87' lang='lat' dir='ltr'>Suet.</span> <span class='ocrx_word' id='word_1_350' title='bbox 759 3453 824 3524; x_wconf 79' lang='lat' dir='ltr'>Aug.</span> <span class='ocrx_word' id='word_1_351' title='bbox 838 3458 868 3515; x_wconf 68' lang='lat' dir='ltr'>tr</span> <span class='ocrx_word' id='word_1_352' title='bbox 877 3451 945 3517; x_wconf 81' lang='lat' dir='ltr'>3Dio</span> <span class='ocrx_word' id='word_1_353' title='bbox 956 3451 1014 3512; x_wconf 88' lang='lat' dir='ltr'>LV,</span> <span class='ocrx_word' id='word_1_354' title='bbox 1026 3462 1053 3502; x_wconf 89' lang='lat' dir='ltr'>et</span> <span class='ocrx_word' id='word_1_355' title='bbox 1066 3449 1136 3502; x_wconf 85' lang='lat' dir='ltr'>Plut.</span> <span class='ocrx_word' id='word_1_356' title='bbox 1150 3447 1207 3501; x_wconf 85' lang='lat' dir='ltr'>Vit.</span> <span class='ocrx_word' id='word_1_357' title='bbox 1220 3449 1280 3500; x_wconf 79' lang='lat' dir='ltr'>Aut.</span> 
     </span>
    </p>
   </div>
   <div class='ocr_carea' id='block_1_8' title="bbox 375 3596 727 3659">
    <p class='ocr_par' dir='ltr' id='par_1_9' title="bbox 375 3596 727 3659">
     <span class='ocr_line' id='line_1_36' title="bbox 375 3596 727 3659; baseline 0.006 -15"><span class='ocrx_word' id='word_1_358' title='bbox 375 3597 442 3646; x_wconf 76' lang='lat' dir='ltr'>Vn.</span> <span class='ocrx_word' id='word_1_359' title='bbox 460 3597 520 3659; x_wconf 79' lang='lat'>327·</span> <span class='ocrx_word' id='word_1_360' title='bbox 537 3596 613 3654; x_wconf 81' lang='lat' dir='ltr'>Non,</span> <span class='ocrx_word' id='word_1_361' title='bbox 627 3611 670 3658; x_wconf 72' lang='lat'>27,</span> <span class='ocrx_word' id='word_1_362' title='bbox 683 3599 727 3656; x_wconf 70' lang='grc'>64.</span> 
     </span>
    </p>
   </div>
   <div class='ocr_carea' id='block_1_9' title="bbox 374 3685 1493 3763">
    <p class='ocr_par' dir='ltr' id='par_1_10' title="bbox 374 3685 1493 3763">
     <span class='ocr_line' id='line_1_37' title="bbox 374 3685 1493 3763; baseline -0.007 -19"><span class='ocrx_word' id='word_1_363' title='bbox 374 3691 444 3744; x_wconf 78' lang='lat' dir='ltr'>Nor.</span> <span class='ocrx_word' id='word_1_364' title='bbox 465 3693 516 3762; x_wconf 81' lang='lat'>3²7</span> <span class='ocrx_word' id='word_1_365' title='bbox 527 3705 582 3762; x_wconf 90' lang='lat' dir='ltr'>seq.</span> <span class='ocrx_word' id='word_1_366' title='bbox 600 3689 629 3743; x_wconf 91' lang='lat' dir='ltr'>Si</span> <span class='ocrx_word' id='word_1_367' title='bbox 640 3688 763 3743; x_wconf 89' lang='lat' dir='ltr'>nondum</span> <span class='ocrx_word' id='word_1_368' title='bbox 774 3690 870 3744; x_wconf 81' lang='lat' dir='ltr'>satiavi</span> <span class='ocrx_word' id='word_1_369' title='bbox 881 3689 1059 3763; x_wconf 88' lang='lat' dir='ltr'>cupiditatem</span> <span class='ocrx_word' id='word_1_370' title='bbox 1069 3701 1157 3751; x_wconf 85' lang='lat' dir='ltr'>tuam,</span> <span class='ocrx_word' id='word_1_371' title='bbox 1167 3687 1222 3740; x_wconf 87' lang='lat' dir='ltr'>hoc</span> <span class='ocrx_word' id='word_1_372' title='bbox 1231 3698 1282 3750; x_wconf 89' lang='lat' dir='ltr'>est,</span> <span class='ocrx_word' id='word_1_373' title='bbox 1294 3685 1315 3738; x_wconf 89' lang='lat' dir='ltr'>si</span> <span class='ocrx_word' id='word_1_374' title='bbox 1327 3703 1356 3738; x_wconf 86' lang='lat' dir='ltr'>ea</span> <span class='ocrx_word' id='word_1_375' title='bbox 1364 3703 1397 3737; x_wconf 91' lang='lat' dir='ltr'>ne</span> <span class='ocrx_word' id='word_1_376' title='bbox 1492 3699 1493 3726; x_wconf 65' lang='lat' dir='ltr'>l</span> 
     </span>
    </p>
   </div>
   <div class='ocr_carea' id='block_1_10' title="bbox 339 3767 1397 3864">
    <p class='ocr_par' dir='ltr' id='par_1_11' title="bbox 339 3767 1397 3864">
     <span class='ocr_line' id='line_1_38' title="bbox 339 3767 1397 3864; baseline -0.01 -36"><span class='ocrx_word' id='word_1_377' title='bbox 339 3775 377 3864; x_wconf 63' lang='lat' dir='ltr'>s&#39;qc</span> <span class='ocrx_word' id='word_1_378' title='bbox 385 3775 492 3847; x_wconf 87' lang='lat' dir='ltr'>quidem</span> <span class='ocrx_word' id='word_1_379' title='bbox 502 3777 623 3839; x_wconf 83' lang='lat' dir='ltr'>satiatur,</span> <span class='ocrx_word' id='word_1_380' title='bbox 633 3773 681 3828; x_wconf 85' lang='lat' dir='ltr'>sed</span> <span class='ocrx_word' id='word_1_381' title='bbox 691 3774 714 3827; x_wconf 88' lang='lat' dir='ltr'>si</span> <span class='ocrx_word' id='word_1_382' title='bbox 724 3774 849 3846; x_wconf 88' lang='lat' dir='ltr'>pluribus</span> <span class='ocrx_word' id='word_1_383' title='bbox 860 3774 947 3827; x_wconf 87' lang='lat' dir='ltr'>inhias</span> <span class='ocrx_word' id='word_1_384' title='bbox 956 3774 1051 3846; x_wconf 87' lang='lat' dir='ltr'>,plura</span> <span class='ocrx_word' id='word_1_385' title='bbox 1062 3769 1246 3842; x_wconf 83' lang='lat' dir='ltr'>concupiscis:</span> <span class='ocrx_word' id='word_1_386' title='bbox 1256 3787 1304 3823; x_wconf 91' lang='lat' dir='ltr'>nec</span> <span class='ocrx_word' id='word_1_387' title='bbox 1312 3767 1397 3829; x_wconf 74' lang='lat' dir='ltr'>Ctesi,</span> 
     </span>
    </p>
   </div>
   <div class='ocr_carea' id='block_1_11' title="bbox 340 3854 1493 3930">
    <p class='ocr_par' dir='ltr' id='par_1_12' title="bbox 340 3854 1493 3930">
     <span class='ocr_line' id='line_1_39' title="bbox 340 3854 1493 3930; baseline -0.01 -18"><span class='ocrx_word' id='word_1_388' title='bbox 340 3878 390 3912; x_wconf 88' lang='lat' dir='ltr'>nec</span> <span class='ocrx_word' id='word_1_389' title='bbox 405 3877 497 3928; x_wconf 86' lang='lat' dir='ltr'>regum</span> <span class='ocrx_word' id='word_1_390' title='bbox 511 3861 663 3925; x_wconf 86' lang='lat' dir='ltr'>Persarum,</span> <span class='ocrx_word' id='word_1_391' title='bbox 684 3878 733 3913; x_wconf 92' lang='lat' dir='ltr'>nec</span> <span class='ocrx_word' id='word_1_392' title='bbox 750 3858 867 3913; x_wconf 85' lang='lat' dir='ltr'>Narcissi</span> <span class='ocrx_word' id='word_1_393' title='bbox 887 3877 951 3930; x_wconf 90' lang='lat' dir='ltr'>opes</span> <span class='ocrx_word' id='word_1_394' title='bbox 968 3857 1092 3928; x_wconf 77' lang='lat' dir='ltr'>sufficient</span> <span class='ocrx_word' id='word_1_395' title='bbox 1107 3857 1192 3906; x_wconf 79' lang='lat' dir='ltr'>animo</span> <span class='ocrx_word' id='word_1_396' title='bbox 1211 3867 1274 3917; x_wconf 89' lang='lat' dir='ltr'>tuo,</span> <span class='ocrx_word' id='word_1_397' title='bbox 1287 3854 1336 3906; x_wconf 93' lang='lat' dir='ltr'>hoc</span> <span class='ocrx_word' id='word_1_398' title='bbox 1347 3863 1398 3915; x_wconf 85' lang='lat' dir='ltr'>est,</span> <span class='ocrx_word' id='word_1_399' title='bbox 1492 3911 1493 3918; x_wconf 10' lang='grc' dir='ltr'>ἵ</span> 
     </span>
    </p>
   </div>
   <div class='ocr_carea' id='block_1_12' title="bbox 339 3935 1396 4180">
    <p class='ocr_par' dir='ltr' id='par_1_13' title="bbox 339 3935 1396 4180">
     <span class='ocr_line' id='line_1_40' title="bbox 339 3935 1396 4014; baseline -0.008 -21"><span class='ocrx_word' id='word_1_400' title='bbox 339 3939 448 3993; x_wconf 84' lang='lat' dir='ltr'>avidam</span> <span class='ocrx_word' id='word_1_401' title='bbox 467 3953 581 3994; x_wconf 89' lang='lat' dir='ltr'>mentem</span> <span class='ocrx_word' id='word_1_402' title='bbox 598 3953 672 3995; x_wconf 85' lang='lat' dir='ltr'>tuam</span> <span class='ocrx_word' id='word_1_403' title='bbox 694 3943 848 4014; x_wconf 85' lang='lat' dir='ltr'>explebunt.</span> <span class='ocrx_word' id='word_1_404' title='bbox 867 3943 949 3995; x_wconf 89' lang='lat' dir='ltr'>Poeta</span> <span class='ocrx_word' id='word_1_405' title='bbox 962 3952 1019 3994; x_wconf 90' lang='lat' dir='ltr'>toto</span> <span class='ocrx_word' id='word_1_406' title='bbox 1033 3944 1059 3993; x_wconf 86' lang='lat' dir='ltr'>h.</span> <span class='ocrx_word' id='word_1_407' title='bbox 1079 3941 1132 3993; x_wconf 90' lang='lat' dir='ltr'>loc.</span> <span class='ocrx_word' id='word_1_408' title='bbox 1151 3956 1214 3991; x_wconf 89' lang='lat' dir='ltr'>cnm</span> <span class='ocrx_word' id='word_1_409' title='bbox 1225 3935 1396 4008; x_wconf 80' lang='lat' dir='ltr'>indignatione</span> 
     </span>
     <span class='ocr_line' id='line_1_41' title="bbox 339 4015 1396 4098; baseline -0.005 -24"><span class='ocrx_word' id='word_1_410' title='bbox 339 4022 467 4093; x_wconf 90' lang='lat' dir='ltr'>loquitur.</span> <span class='ocrx_word' id='word_1_411' title='bbox 480 4029 608 4074; x_wconf 75' lang='lat' dir='ltr'>Personae</span> <span class='ocrx_word' id='word_1_412' title='bbox 618 4043 649 4077; x_wconf 92' lang='lat' dir='ltr'>ac</span> <span class='ocrx_word' id='word_1_413' title='bbox 661 4026 825 4082; x_wconf 87' lang='lat' dir='ltr'>Parthorum</span> <span class='ocrx_word' id='word_1_414' title='bbox 836 4044 912 4096; x_wconf 82' lang='lat' dir='ltr'>reges</span> <span class='ocrx_word' id='word_1_415' title='bbox 924 4037 952 4079; x_wconf 89' lang='lat' dir='ltr'>et</span> <span class='ocrx_word' id='word_1_416' title='bbox 961 4025 1026 4077; x_wconf 90' lang='lat' dir='ltr'>olim</span> <span class='ocrx_word' id='word_1_417' title='bbox 1038 4035 1134 4076; x_wconf 81' lang='lat' dir='ltr'>ettam</span> <span class='ocrx_word' id='word_1_418' title='bbox 1146 4021 1275 4098; x_wconf 87' lang='lat' dir='ltr'>temporis</span> <span class='ocrx_word' id='word_1_419' title='bbox 1284 4015 1396 4092; x_wconf 76' lang='lat' dir='ltr'>potentis·</span> 
     </span>
     <span class='ocr_line' id='line_1_42' title="bbox 340 4104 776 4180; baseline 0.007 -22"><span class='ocrx_word' id='word_1_420' title='bbox 340 4105 400 4158; x_wconf 85' lang='lat' dir='ltr'>simi</span> <span class='ocrx_word' id='word_1_421' title='bbox 412 4119 489 4158; x_wconf 89' lang='lat' dir='ltr'>erant</span> <span class='ocrx_word' id='word_1_422' title='bbox 498 4104 630 4180; x_wconf 90' lang='lat' dir='ltr'>iidemque</span> <span class='ocrx_word' id='word_1_423' title='bbox 641 4107 776 4162; x_wconf 87' lang='lat' dir='ltr'>ditissimi.</span> 
     </span>
    </p>
   </div>
   <div class='ocr_carea' id='block_1_13' title="bbox 373 4245 1393 4320">
    <p class='ocr_par' dir='ltr' id='par_1_14' title="bbox 373 4245 1393 4320">
     <span class='ocr_line' id='line_1_43' title="bbox 373 4245 1393 4320; baseline 0.002 -21"><span class='ocrx_word' id='word_1_424' title='bbox 373 4253 439 4300; x_wconf 80' lang='lat' dir='ltr'>Van.</span> <span class='ocrx_word' id='word_1_425' title='bbox 459 4254 517 4301; x_wconf 82' lang='lat'><strong>328.</strong></span> <span class='ocrx_word' id='word_1_426' title='bbox 535 4253 607 4308; x_wconf 76' lang='lat' dir='ltr'>Rosci</span> <span class='ocrx_word' id='word_1_427' title='bbox 618 4271 664 4320; x_wconf 90' lang='lat' dir='ltr'>pro</span> <span class='ocrx_word' id='word_1_428' title='bbox 679 4254 753 4306; x_wconf 80' lang='lat' dir='ltr'>Croesi</span> <span class='ocrx_word' id='word_1_429' title='bbox 761 4289 769 4317; x_wconf 87' lang='lat'>,</span> <span class='ocrx_word' id='word_1_430' title='bbox 787 4265 811 4313; x_wconf 74' lang='lat' dir='ltr'>t.</span> <span class='ocrx_word' id='word_1_431' title='bbox 825 4256 923 4303; x_wconf 85' lang='lat' dir='ltr'>l&#39;ortea</span> <span class='ocrx_word' id='word_1_432' title='bbox 939 4255 1034 4319; x_wconf 79' lang='lat' dir='ltr'>glossa,</span> <span class='ocrx_word' id='word_1_433' title='bbox 1050 4253 1081 4302; x_wconf 81' lang='lat' dir='ltr'>ad</span> <span class='ocrx_word' id='word_1_434' title='bbox 1097 4269 1133 4305; x_wconf 83' lang='lat' dir='ltr'>ss.</span> <span class='ocrx_word' id='word_1_435' title='bbox 1151 4253 1217 4313; x_wconf 72' lang='lat' dir='ltr'>tat,</span> <span class='ocrx_word' id='word_1_436' title='bbox 1234 4245 1393 4310; x_wconf 69' lang='lat' dir='ltr'>adscripta·-</span> 
     </span>
    </p>
   </div>
   <div class='ocr_carea' id='block_1_14' title="bbox 0 0 1506 4984">
    <p class='ocr_par' dir='ltr' id='par_1_15' title="bbox 0 0 1506 4984">
     <span class='ocr_line' id='line_1_44' title="bbox 0 0 1506 4984; baseline 0 0"><span class='ocrx_word' id='word_1_437' title='bbox 0 0 1506 4984; x_wconf 95' lang='lat' dir='ltr'> </span> 
     </span>
    </p>
   </div>
  </div>
 </body>
</html>
