3074 4990
349 397 396 509 4'4·
423 429 527 493 vin.
544 421 774 492 necnon.
793 423 854 487 nr
872 421 984 488 nor.
1004 423 1353 492 1nslr1nnou.

347 541 402 596 llus
420 543 448 594 in
468 553 587 594 monstra
603 541 706 590 marina
723 554 865 591 convertar
878 536 950 589 canit
967 535 1048 588 ovid.
1069 537 1179 591 Metam.
1198 538 1234 602 V,
1251 538 1306 591 leb.
1327 557 1353 606 9.
1370 537 1416 590 Se·

345 627 428 696 pulte
454 626 581 680 dicuntur
605 619 641 673 nd
664 621 879 694 promontorium
896 620 1037 691 sinumque
1055 619 1206 673 Paestanum
1228 621 1257 672 in
1281 620 1415 684 Lucania;

346 707 418 761 unde
428 728 525 763 nomen
538 706 625 760 tribus
638 706 729 776 parvis
743 705 855 769 insulis,
872 722 931 776 qun
947 715 1009 756 runt
1018 703 1102 758 veluti
1113 703 1219 774 scopuli
1234 705 1262 756 in
1280 703 1330 756 illo
1346 704 1415 758 sinu.

345 791 419 844 Mela
435 793 550 844 sirenum
564 801 676 861 petrae:
690 788 798 841 Solium
814 787 931 840 sirenum
949 804 1013 840 saxa
1028 799 1176 859 nuncupat.
1193 791 1232 841 lle
1249 799 1338 840 nutem
1353 805 1417 840 veru

344 873 495 926 meretrices
511 871 592 925 fuisse
603 871 660 924 illic
675 871 807 936 famosus,
822 889 882 942 qum
894 871 1050 943 navigantes
1062 869 1204 923 blanditiis
1215 870 1374 942 pellexerint
1385 887 1417 923 nc

342 955 513 1029 perdiderint
526 957 594 1009 bene
606 957 719 1019 multoe,
730 967 851 1008 arserunt
862 973 945 1025 quum
957 954 1017 1018 alii,
1033 965 1091 1006 tum
1102 953 1201 1006 Coeliun
1210 952 1328 1024 Rhodig.
1337 953 1417 1017 XIV,

344 1044 479 1106 14:1Neo
497 1041 595 1094 sirenes
613 1040 819 1112 impetraverint
833 1039 930 1102 fidem,
950 1038 1067 1092 affirmet
1083 1039 1147 1092 licet
1163 1040 1268 1104 Dinon,
1284 1039 1418 1093 Clitarchi

342 1125 470 1178 celebrati
484 1123 601 1178 auctoris
612 1136 702 1195 puter,
721 1121 750 1175 in
764 1121 845 1175 India
857 1141 928 1188 esse;
946 1121 1111 1192 mulcerique
1123 1141 1217 1176 eurum
1234 1134 1332 1190 cautu,
1348 1141 1417 1194 quot

341 1221 467 1280 gravatos
478 1224 572 1260 somno
584 1219 710 1259 tacerent.
720 1213 783 1258 Haec
794 1205 865 1260 Plin.
876 1207 918 1270 X,
931 1210 972 1274 49.
986 1202 1057 1257 Vide
1067 1205 1124 1260 Cic.
1137 1205 1171 1258 de
1183 1205 1309 1270 Finibus,
1321 1205 1368 1260 liv.
1379 1206 1416 1269 V,

341 1311 368 1346 n.
382 1299 424 1362 49,
435 1305 461 1344 et
474 1293 569 1345 Athen.
581 1291 609 1353 1,
621 1309 662 1342 rr.
673 1290 779 1343 Fabula
790 1289 906 1343 sirenum
916 1289 1070 1362 voluptates
1080 1290 1168 1344 carnis
1179 1290 1321 1362 fugiendas
1330 1303 1419 1346 otten-

341 1373 394 1440 dit,
407 1393 457 1428 nec
468 1374 546 1427 aliter
558 1390 640 1444 quum
652 1374 717 1444 fuga
729 1373 902 1445 naufragium
913 1373 1014 1426 evitare
1024 1374 1123 1445 probet
1137 1374 1243 1448 Ulyrsir
1255 1377 1417 1449 exemplum.

341 1459 391 1511 llis
412 1459 439 1513 S.
462 1458 642 1530 Hieronymus
660 1456 758 1520 utitur,
775 1469 805 1510 ut
818 1455 960 1512 vitandum
976 1469 1077 1510 armat
1096 1471 1250 1529 suspectum
1268 1460 1416 1512 contuber-

340 1540 424 1592 nium.
442 1539 528 1592 Porro
541 1539 791 1593 marinoshomiuer
808 1541 947 1613 utriusque
964 1553 1176 1604 rennuentem,
1193 1541 1269 1596 haud
1287 1541 1416 1596 dubitan-

341 1621 407 1676 dum
419 1642 425 1675 :
438 1622 513 1694 quod
524 1641 689 1676 summorum
705 1624 850 1676 auctoritas
864 1624 999 1689 virorum,
1016 1623 1091 1695 quod
1103 1637 1130 1677 et
1143 1626 1223 1679 evicit
1233 1645 1290 1680 non
1301 1627 1416 1699 simplex

340 1704 517 1843 {prpprienatism
533 1722 583 1758 nec
594 1704 669 1760 hund
680 1704 718 1758 itu
730 1704 845 1778 pridem.
859 1709 900 1762 De
914 1707 1014 1780 quibus
1024 1708 1140 1780 ampliur
1154 1708 1275 1765 dicemur
1283 1749 1291 1775 ,
1307 1710 1343 1764 ad
1354 1711 1415 1766 Sat.

413 1825 421 1853 ,
443 1807 456 1840 2
497 1829 502 1842 .
525 1791 577 1842 En.
