3030 4984
142 377 231 440 VAR.
249 372 451 440 LECTION.
469 372 526 436 ET
543 368 648 435 NOT.
668 370 714 435 IN
731 371 823 436 SAT.
840 371 1030 440 DUODEC.
1068 401 1128 446 arr

86 503 163 546 tunam
173 489 340 560 intelligunt,
355 487 403 542 aed
418 486 502 548 male,
520 497 551 538 ut
565 484 672 554 opinor.
691 485 744 538 En.
763 515 797 526 ·-
813 489 908 536 Ircnnni
920 491 1017 556 ttegime
1034 497 1134 565 templa

88 581 163 634 liena
173 571 317 628 condidere
335 570 465 626 Camillus
480 581 507 622 et
519 569 558 620 Μ.
572 566 704 623 AEmiliua.
723 566 803 635 (hir.
815 567 912 631 ναις
933 571 1068 628 xxm.
1083 577 1108 631 3.
1123 582 1134 649 )

90 661 174 712 nt'mm
195 669 315 724 agriam:
336 669 399 704 nem
418 649 470 704 diia
490 647 594 720 ruperia
613 646 702 714 alba,
724 647 817 702 inlerie
839 649 923 719 nigrae
948 655 1135 712 mactabantur

90 745 190 796 victima.

119 901 176 947 Vn,
194 904 217 952 a.
235 895 345 953 linum,
359 891 398 940 16.

121 991 180 1042 Nor.
196 993 219 1050 4.
239 991 292 1036 Par
303 987 401 1050 cellro,
417 981 488 1036 nivei
501 980 607 1036 velleris
618 997 701 1052 agna,
721 980 842 1052 ejusdem
857 983 961 1053 generis
971 986 1090 1045 victima.
1102 1025 1139 1036 .-

95 1074 264 1142 l’ngwnicum
281 1073 399 1137 Gorgone
412 1071 521 1129 Mauro,
533 1065 587 1117 hoc
604 1077 656 1127 est,
674 1063 796 1130 Palladi,
813 1069 946 1138 pugnanti
961 1089 1023 1124 curn
1041 1076 1139 1146 regida,

94 1159 129 1212 vel
140 1175 182 1228 ope
192 1151 295 1224 agidis,
305 1151 358 1203 hoc
368 1162 423 1214 eat,
437 1148 518 1220 clipei
532 1150 576 1200 vel
587 1149 725 1213 thoracis,
744 1149 770 1201 in
789 1153 865 1222 cujus
879 1149 968 1206 medio
985 1171 1042 1210 erat
1057 1173 1139 1234 caput

95 1240 194 1295 llednee
202 1236 349 1308 Gorgonis,
365 1253 381 1286 a
392 1235 488 1286 Perseo
499 1233 527 1285 in
540 1236 701 1285 manante
710 1233 810 1288 linibus
821 1237 863 1289 vel
880 1237 906 1289 in
923 1258 952 1292 ex
957 1251 1040 1296 trema
1051 1247 1141 1302 Afric.

93 1327 223 1380 interiecta.
233 1355 267 1364 -
278 1325 417 1390 Gorgones,
437 1337 484 1372 aen
496 1320 580 1402 Graue
595 1319 669 1374 luere
680 1331 733 1372 tres
746 1320 810 1374 lilia
821 1323 934 1389 Phorci,
953 1325 1081 1398 Φορκὶἓιῃ
1094 1331 1141 1386 red

95 1411 189 1463 llednra
199 1415 253 1460 aar*
266 1407 350 1473 ὶξοχὴν
360 1405 433 1458 dicta
447 1405 540 1477 Γοργοῖ.
551 1415 559 1440 ¹
581 1435 612 1445 -
633 1403 767 1475 Gorgonis
777 1420 860 1477 capnt
871 1426 980 1475 omnes,
993 1412 1039 1482 qui
1053 1414 1142 1485 ipsum

93 1494 260 1556 intuebantur,
272 1491 300 1542 in
310 1507 374 1544 saxa
385 1488 568 1546 convertebat.
581 1487 712 1540 Fabulam
724 1487 762 1541 sic
773 1488 982 1560 interpretantur
992 1493 1067 1548 docti
1077 1492 1143 1564 viri,

92 1579 233 1650 apientiam
245 1574 349 1630 scilicet
362 1572 403 1626 aui
420 1572 574 1643 spectaculo
589 1570 701 1624 reddere
712 1571 835 1626 hominen
849 1573 972 1636 etahilea,
991 1578 1143 1637 immobile,

92 1675 113 1714 et
122 1671 271 1714 cunctantes.
284 1660 337 1714 En.
356 1688 391 1699 -
409 1661 499 1710 llam
512 1656 560 1708 alii
574 1656 612 1708 ita
624 1655 724 1708 dictam
737 1657 827 1728 potine
835 1669 932 1729 putant
947 1679 963 1713 a
976 1662 1067 1733 paria,
1080 1669 1146 1738 quia

92 1745 224 1818 Cyrenaica
238 1754 306 1799 erat.
321 1737 454 1794 «Medusa
472 1739 572 1810 qnippe
591 1738 739 1811 Phorcynie
757 1739 870 1811 Cyrenei
887 1741 960 1808 lilia3
979 1758 1007 1797 at
1025 1746 1145 1820 Cyoengi

93 1829 150 1882 inter
157 1828 294 1899 Ethiopea
304 1823 449 1885 numerati3
463 1823 507 1876 vel
515 1823 561 1894 qui
571 1821 726 1876 habitavere
735 1822 762 1874 in
772 1825 838 1878 mari
847 1825 994 1895 Atlantico;
1006 1843 1047 1883 eet
1055 1841 1144 1887 antem

93 1915 233 1966 Athenione
244 1907 423 1962 Mauritania.
431 1931 442 1953 ι
461 1907 513 1958 Ευ.

68 1992 73 2009 ¹
123 2011 181 2063 lior.
192 2007 273 2078 ὄιες.
285 2003 469 2070 Adumbratur
477 2003 506 2055 h.
518 2002 536 2056 l.
550 2013 577 2055 et
586 1998 694 2072 quidem
704 2000 832 2073 praeclare
841 2014 937 2058 natura
947 2004 1043 2060 l'erocia
1052 2007 1147 2079 vituli,

93 2112 150 2156 nnn,
163 2105 192 2146 ut
206 2088 319 2164 quidam
331 2099 444 2161 putant,
458 2085 537 2140 valde
549 2086 720 2151 reluctantia,
730 2085 805 2157 qnod
816 2088 880 2142 mali
891 2102 949 2144 erat
959 2093 1064 2146 ominis.
1076 2097 1148 2148 Nam

94 2178 267 2230 nobaerraturn
277 2185 317 2227 est
327 2191 344 2226 a
355 2169 585 2232 sacrificantibus,
598 2181 642 2232 ut,
655 2169 677 2221 ri
687 2169 788 2234 hoatia,
804 2190 862 2243 qnae
877 2171 913 2226 ad
923 2193 983 2228 arae
993 2175 1146 2246 duceretur,

93 2260 171 2312 inisset
177 2256 359 2312 vehementius
365 2256 506 2319 reluctata,
517 2251 742 2324 oetendheetqne,
752 2270 780 2306 ae
791 2253 903 2312 invitam
911 2257 1043 2317 altaribus
1054 2259 1148 2314 admo.

92 2345 150 2405 reri,
162 2353 335 2404 amoveretur,
351 2339 416 2411 qnia
433 2338 518 2390 invito
534 2336 585 2390 deo
598 2335 694 2398 ostent,
708 2355 765 2388 eam
780 2338 945 2406 putabant,·
957 2341 1079 2396 Macrob.
1090 2345 1148 2398 Sat.

91 2428 142 2492 111,
156 2427 204 2479 5.·
223 2426 296 2478 Cous.
315 2422 413 2476 similer
431 2421 602 2473 victimarum
617 2417 843 2471 immolandarum
864 2418 1057 2494 descriptiones
1074 2425 1149 2498 apud
1236 2429 1240 2437 '

91 2511 181 2562 Horat.
200 2507 251 2561 Od
266 2507 323 2568 111.
341 2507 388 2568 13,
401 2505 481 2574 Saeq.
494 2514 521 2554 et
535 2503 584 2566 IV,
599 2519 631 2566 a,
648 2501 681 2564 54
696 2519 750 2573 req.
763 2502 811 2554 uhi
821 2501 883 2556 Jani
892 2505 946 2577 jam
955 2520 1027 2560 recte
1035 2511 1149 2575 notavit,

91 2611 131 2646 eas
143 2592 280 2648 convenire
289 2588 410 2652 homini,
423 2585 596 2640 meditatione
608 2583 729 2637 sacrificii
740 2625 747 2650 ,
758 2582 831 2657 quod
842 2590 1041 2662 parat,.pleno,
1051 2611 1150 2665 easque

92 2675 201 2748 inprimia
218 2675 309 2728 valere
329 2670 365 2725 ad
376 2671 505 2735 victime,
525 2689 574 2741 per
591 2687 618 2722 ee
635 2669 751 2740 exiguae,
772 2669 1001 2741 pulchritudinem
1012 2695 1148 2730 commen·

94 2757 211 2826 dandam,
228 2755 475 2826 declarandamque
494 2773 574 2825 anper
586 2771 617 2806 ea
633 2771 661 2806 re
679 2753 799 2806 laetitiam
815 2773 846 2808 ac
864 2775 954 2827 rpem,
975 2772 1080 2829 gratam
1098 2761 1149 2818 diis

93 2845 195 2898 hostiam
205 2844 273 2897 lore.
290 2845 389 2900 Pmenl,
409 2841 505 2910 longe,
519 2851 640 2890 extraema
645 2839 750 2906 fieren,
771 2857 825 2910 qno
840 2839 875 2892 ed
887 2859 962 2895 erem
973 2842 1092 2900 ducitur,
1105 2851 1150 2901 Aa.

95 2928 185 2980 censius
196 2939 220 2980 et
234 2925 280 2978 alii
293 2923 417 2976 victimae
430 2919 524 2975 dicunt
536 2918 572 2973 ed
583 2937 658 2974 aram
668 2919 732 2974 lune
745 2921 866 2992 longiore
878 2935 906 2974 et
921 2923 996 2988 laxo,
1010 2944 1066 2978 non
1077 2939 1150 2982 arcte

93 3009 178 3080 ligato,
190 3008 286 3062 ductas
299 3007 395 3073 luisse,
407 3023 441 3060 ne
453 3004 515 3060 vine
525 3015 613 3058 eaaent
624 3002 713 3058 invita
724 3005 763 3058 ire
774 3015 802 3058 et
813 3005 900 3072 trahi,
910 3006 985 3079 qnod
994 3010 1059 3062 mali
1071 3009 1152 3064 luerit

92 3111 183 3146 ommia

126 3255 185 3302 Van
200 3255 224 3303 ὅ.
242 3256 306 3320 Qnoe
315 3250 398 3317 fincte
406 3259 526 3308 ornarent,
538 3265 581 3298 ao.

123 3345 188 3400 Nor.
205 3349 228 3400 6.
245 3347 303 3396 lovi
321 3344 436 3412 Tarpeio,
451 3360 497 3395 een
514 3339 675 3412 Capitolino.
693 3338 773 3404 Tria,
798 3358 857 3411 quae
875 3341 904 3394 h.
923 3343 941 3393 l.
961 3358 1151 3410 memorantur,

91 3430 207 3495 numina,
223 3432 239 3482 J
242 3447 311 3492 uno,
330 3427 452 3479 Minerva
463 3437 489 3478 et
502 3425 518 3476 J
521 3423 620 3496 opiter,
633 3423 714 3476 simul
727 3425 753 3474 in
769 3421 902 3494 Capitolio
915 3425 1080 3480 colebantur.
1094 3428 1152 3468 ³-

91 3515 194 3564 amnem
204 3525 329 3576 canescat,
341 3509 454 3580 crispat,
470 3506 572 3568 vibrat,
591 3506 693 3578 quatit,
704 3517 734 3558 ut
745 3525 871 3558 coruscare
882 3509 947 3574 tela,
960 3511 1069 3576 lrlrgnara
1079 3547 1087 3576 ,
1099 3521 1150 3562 etc.

505 3676 735 3698 mssim

125 3826 134 3852 Ι
152 3819 224 3868 cont.
234 3821 316 3882 lleyn.
326 3815 359 3864 ad
372 3815 455 3880 Apoll.
469 3817 508 3874 11,
521 3823 553 3876 4,
567 3830 596 3874 n,
676 3818 687 3845 ²
706 3813 1148 3884 ConfiSanbert.deSacril.eep.19,

90 3893 596 3962 n332dvtrg.ffin.11‚616;v111,435,
640 3909 697 3958 pag.
711 3893 858 3956 456-459,

90 3988 111 4024 et
120 3979 214 4026 Corum.
225 3977 255 4024 de
263 3977 358 4040 Theog.
373 3973 475 4022 Hesiodi
485 4009 493 4034 ,
505 3990 531 4038 p.
548 3975 595 4034 ¹⁴²
677 3967 689 4006 ³
708 3971 766 4020 vtd.
777 3971 900 4024 Drakenh.
911 3973 1006 4024 reinna
1017 3975 1049 4023 ad
1062 3976 1103 4025 Sil.
1112 3977 1153 4036 K,

88 4073 136 4122 req.
156 4059 192 4106 lle
209 4074 283 4106 aenan
304 4053 385 4122 mythi
405 4053 454 4102 vid.
475 4053 597 4104 Crenzer's
644 4053 692 4110 432
706 4067 757 4115 aeq.
771 4062 795 4099 et
806 4053 885 4117 intpp.
901 4055 985 4104 Horat.
999 4054 1049 4104 Od.
1063 4059 1091 4121 1,
1108 4071 1153 4118 ra,

90 4137 290 4200 Sflnbottkmm.
300 4136 346 4195 IV,
355 4149 408 4200 pag.
418 4133 459 4195 57,
469 4149 528 4196 270,
538 4134 597 4190 eno.
646 4145 691 4197 19,
713 4145 752 4185 ao,

971 4219 1021 4292 14.
