2992 4984
371 357 433 462 372'
671 374 713 438 n.
736 373 873 443 sunu
895 375 1168 470 Juynnnms

368 487 512 559 Saltatus
524 489 621 585 nigro
637 489 792 577 tibicine,
811 491 1065 587 qualiacumque

365 601 563 696 Unguenta,
578 615 610 669 et
624 599 741 687 flores,
755 599 937 696 multaque
950 603 986 670 in
1000 601 1111 671 fronte
1127 625 1269 688 coronae3
1365 619 1391 670 50

365 711 455 780 Hinc
467 711 621 806 jejunum
638 709 754 780 odium
774 737 782 779 :
804 711 860 781 sed
876 713 989 808 jurgia
1002 713 1110 807 prima
1122 737 1235 782 sonare

363 821 539 916 Incipiunt
552 821 671 890 animis
688 821 902 891 ardentibus:
924 823 995 891 haec
1010 822 1091 890 tuba
1107 821 1191 890 rixae.

365 931 454 1000 Dein
469 931 613 1001 clamore
626 931 699 1026 pari
713 930 938 1016 concurritur,
950 945 984 1000 et
996 931 1071 999 vice
1085 928 1141 998 teli

363 1041 464 1112 Saevit
479 1040 570 1109 nuda
584 1064 723 1110 manus:
742 1065 857 1135 paucae
872 1040 942 1108 sine
955 1035 1096 1107 vulnere
1108 1035 1217 1124 malae;

361 1151 428 1220 Vir
443 1151 617 1245 cuiquam,
634 1165 692 1220 aut
704 1149 788 1220 nulli
804 1163 875 1219 toto
890 1146 1074 1219 certamine
1086 1171 1186 1216 nasus
1253 1197 1255 1202 -
1371 1159 1396 1211 ⁵5

361 1263 522 1356 Integer:
541 1262 728 1357 adspiceres
743 1262 814 1355 jam
832 1271 955 1330 cuncta
971 1281 1033 1352 per
1051 1258 1185 1352 agmina
1198 1254 1302 1326 vultus

361 1373 542 1457 Dimidios,
562 1363 642 1440 alias
656 1370 775 1458 facies,
796 1384 829 1440 et
846 1369 975 1438 hiantia
990 1367 1097 1461 ruptis

360 1484 443 1552 Ossa
457 1482 564 1577 genis,
578 1480 695 1578 plenos
708 1479 884 1551 oculorum
896 1480 1057 1575 sanguine
1070 1503 1212 1572 pugnos.

360 1594 494 1663 Ludere
508 1617 543 1662 se
557 1591 700 1662 credunt
712 1593 776 1687 ipsi
789 1605 918 1677 tamen,
935 1604 969 1659 et
983 1587 1130 1685 pueriles

359 1706 526 1773 Exercere
539 1703 640 1790 acies,
657 1701 749 1798 quod
762 1701 854 1770 nulla
867 1700 1029 1771 cadavera
1043 1699 1184 1796 calcem.
1374 1717 1399 1765 60

358 1815 403 1880 Et
421 1837 500 1881 sane
517 1836 585 1906 quo
601 1825 652 1881 tot
669 1812 806 1881 rixantis
822 1808 927 1879 millia
942 1811 1063 1896 turbae,

358 1921 393 1990 Si
409 1923 528 1990 vivunt
540 1920 680 1991 omnes?
696 1946 777 2016 ergo
795 1904 905 1990 acrior
920 1921 1082 2014 impetus,
1103 1933 1137 1987 et
1151 1919 1224 2012 jam

360 2032 445 2101 Saxa
463 2029 630 2100 inclinatis
647 2053 708 2124 per
726 2030 869 2098 humum
888 2029 1027 2124 quaesita
1045 2027 1178 2097 lacertis

359 2141 532 2236 Incipiunt
544 2155 718 2234 torquere,
732 2137 914 2208 domestica
928 2137 1083 2207 seditioni

359 2248 457 2336 Tela3
476 2273 537 2319 nec
552 2248 646 2318 hunc
660 2246 822 2343 lapidem,
838 2244 950 2344 quales
962 2261 996 2316 et
1008 2248 1163 2334 Turnus,
1179 2261 1213 2316 et
1223 2247 1317 2338 Ajar,
1374 2261 1401 2308 6⁵

359 2356 421 2428 Vel
435 2384 502 2452 quo
516 2357 665 2455 Tydides
677 2358 842 2453 percussit
855 2355 1007 2453 pondere
1024 2380 1146 2426 coxam

358 2583 452 2655 tibiae,
463 2601 549 2658 quam
562 2582 657 2639 fuscus
669 2581 773 2656 aliquis
785 2581 919 2658 AEthiops
932 2581 1066 2656 iuflabm
1085 2594 1170 2640 erant
1184 2601 1282 2642 omnes
1293 2599 1404 2658 unguen-

358 2676 395 2734 tis
419 2674 675 2752 qualibuscumque
697 2671 821 2730 delibuti
842 2685 870 2730 et
892 2673 1014 2732 floribus
1037 2676 1136 2733 multis
1160 2676 1254 2753 capita
1273 2673 1403 2732 coronati:

358 2787 393 2824 ex
407 2778 489 2841 parte
499 2785 571 2823 vero
585 2765 801 2840 Tentyritarmn
816 2782 915 2823 ornnes
930 2766 1062 2843 impasti,
1076 2780 1106 2824 et
1120 2769 1199 2826 odiis
1213 2767 1345 2825 ardenter.
1358 2767 1405 2821 lni-

358 2860 431 2916 tium
441 2877 545 2936 pugne
560 2858 703 2914 ductuma
715 2855 819 2934 jurgiis
831 2867 859 2914 et
870 2859 1059 2932 clamoribus,
1075 2861 1198 2935 quibus,
1213 2873 1340 2938 tauquam
1351 2858 1406 2914 tuba

357 2951 471 3025 signum
481 2960 524 3008 cst
531 2950 569 3006 ad
580 2947 771 3007 conserendas
784 2966 885 3005 manus
894 2949 1001 3007 datum.
1011 2953 1084 3008 Mox
1093 2952 1211 3009 sublato
1220 2953 1286 3009 hine
1295 2951 1356 3007 inde
1363 2950 1407 3005 cla-

356 3061 438 3100 more
454 3041 691 3118 congrediuntur‚
704 3040 795 3096 instar
807 3041 932 3098 telorum
946 3061 1059 3119 pugnos
1073 3057 1213 3118 exerunt,
1231 3045 1331 3120 quibus
1343 3041 1405 3098 iuri·

357 3152 419 3192 cern
429 3134 469 3189 ita
478 3135 632 3207 vapulant.
645 3142 679 3188 ut
692 3149 800 3206 paucos
811 3130 912 3188 videre
925 3132 962 3188 sit
976 3153 1027 3190 ore
1040 3153 1100 3191 nou
1112 3137 1287 3194 vulnerato:
1301 3135 1346 3192 rix
1358 3132 1406 3190 cui·

357 3243 445 3299 quam
459 3222 671 3293 dimicantium,
692 3233 743 3278 aut
758 3222 869 3278 nemini
883 3223 980 3298 potius
993 3233 1036 3280 est
1048 3241 1133 3282 nasus
1149 3227 1274 3304 integer.
1288 3228 1406 3283 Cerneres

356 3327 421 3373 toto
436 3314 468 3370 in
483 3312 612 3371 exercitu
626 3314 723 3370 vultur
734 3313 913 3385 dimidiatos,
933 3314 1019 3371 facies
1031 3313 1197 3374 immutatas
1210 3337 1243 3374 sc
1256 3317 1407 3375 deformatas

355 3407 537 3477 vulneribus,
554 3403 665 3462 detecta
680 3405 719 3462 ob
734 3407 923 3464 laceratamm
935 3425 1074 3483 genarum
1087 3407 1184 3466 hiatus
1196 3429 1279 3480 ossa,
1296 3407 1405 3465 omnim

355 3518 456 3558 manus
478 3496 599 3555 fluentes
620 3516 726 3554 cruore
743 3499 895 3556 oculorum
915 3516 990 3572 quos
1008 3498 1087 3555 hosti
1108 3499 1287 3558 effoderunt.
1311 3498 1407 3557 Indum

354 3594 432 3648 bunc
443 3602 538 3648 tamen
549 3587 605 3663 ipsi
616 3599 645 3646 et
654 3589 795 3664 puerilem
806 3608 866 3648 esse
877 3601 979 3666 putant
990 3590 1099 3663 rixam,
1111 3593 1194 3666 qnod
1208 3593 1329 3650 necdum
1340 3607 1406 3646 mor·

355 3696 473 3741 tuorum
482 3700 606 3756 corpora
616 3692 775 3757 proterant
787 3686 829 3740 Ac
843 3701 910 3740 sane
922 3683 994 3758 quid
1004 3683 1108 3740 attinet
1119 3694 1164 3742 tot
1172 3685 1324 3743 homiuum
1332 3681 1406 3741 millia
1471 3715 1472 3720 κ

355 3772 494 3850 congredi
505 3773 584 3830 bello
599 3782 628 3827 et
641 3772 742 3829 saevire
755 3773 832 3830 inter
840 3794 870 3832 se
882 3774 1036 3846 hostiliter,
1054 3774 1079 3832 si
1088 3793 1176 3832 nemo
1189 3776 1288 3851 perire
1299 3771 1405 3832 debeat?

353 3865 513 3938 Majoribus
524 3864 614 3940 igitur
622 3864 724 3921 animis
738 3865 870 3940 odiisque
881 3877 1074 3938 concurrunt,
1086 3887 1153 3924 saxa
1164 3887 1221 3943 per
1229 3870 1346 3926 humum
1355 3866 1405 3922 ool·
1446 3923 1450 3932 ,

353 3958 460 4034 ligurit,
476 3975 508 4012 ac
521 3956 646 4012 reductis
658 3956 690 4013 in
703 3956 843 4014 circulum
854 3954 979 4015 brachiis
994 3969 1148 4034 torquent3
1165 3979 1198 4018 ea
1211 3973 1280 4018 sunt
1288 3959 1404 4018 videlicet

352 4048 454 4105 usitata
469 4047 501 4102 in
515 4046 656 4104 seditione
669 4067 767 4104 arma:
782 4067 842 4107 non
855 4049 924 4106 tales
932 4067 965 4106 ac
976 4060 1070 4106 tantos
1079 4051 1188 4126 lapides
1197 4061 1310 4124 tamen,
1322 4049 1403 4126 quales
1471 4025 1472 4052 r

352 4149 531 4216 quantusque
551 4135 623 4210 Ajax
642 4149 672 4194 et
687 4139 802 4198 Turnus
820 4139 1028 4214 projiciebant,
1048 4141 1127 4214 quali
1146 4141 1302 4200 Diomedes
1320 4143 1403 4198 AEneae
