3042 4984
115 764 436 887 SATIRA
466 771 804 896 DECIMA
834 775 1134 894 SEXTA.

539 1117 704 1138 m

85 1361 190 1484 Quis
206 1416 384 1464 numerare
399 1411 501 1490 queat
516 1395 627 1470 felicis.
640 1400 794 1494 praemia,
811 1401 925 1490 Galle,

83 1499 237 1572 Militiae?
253 1529 329 1574 nam
342 1505 370 1574 si
384 1505 571 1576 subeuntur
585 1534 748 1604 prospera
764 1526 887 1594 castra,

83 1613 143 1682 Me
159 1613 321 1707 pavidum
338 1617 483 1709 excipiat
499 1619 645 1688 tironem
661 1635 760 1713 porta
772 1622 921 1692 secundo

82 1720 203 1791 Sidere
222 1749 229 1792 :
251 1721 330 1818 plus
343 1726 469 1794 etenim
486 1725 546 1802 lati
562 1727 650 1798 valet
666 1729 750 1799 hora
763 1730 924 1824 benigni,

81 1830 195 1918 Quam
212 1833 239 1901 si
256 1857 318 1902 nos
333 1833 476 1905 Veneris
494 1838 707 1910 commendet
724 1839 865 1933 epistola
881 1843 1005 1928 Marti,
1138 1859 1153 1912 5

80 1941 123 2009 Et
136 1942 251 2010 Samia
268 1944 413 2036 genitrix
430 1969 504 2038 quae
521 1945 705 2017 delectatur
719 1973 831 2022 arena.

127 2050 318 2122 Commoda
337 2068 516 2124 tractemus
535 2057 680 2150 primum
700 2059 911 2158 communia,
931 2085 1076 2155 quorum

78 2161 182 2232 Haud
197 2163 377 2232 minimum
395 2163 477 2234 illud
493 2167 573 2251 erit,
588 2181 677 2236 nete
694 2166 828 2261 pulsare
846 2181 978 2262 togatus

79 2272 231 2360 Audeat;
257 2273 378 2359 immo,
396 2274 458 2344 etsi
476 2275 639 2369 pulsetur,
657 2275 851 2361 dissimilet,
871 2299 935 2350 nec
974 2273 977 2280 ’

81 2383 218 2452 Audeat
233 2408 388 2458 excussos
403 2385 542 2454 Praetori
558 2383 736 2454 ostendere
754 2383 887 2470 dentes,
1123 2414 1154 2450 lo

79 2499 122 2566 Et
135 2499 270 2592 nigram
289 2496 324 2565 in
341 2495 426 2566 facie
444 2495 580 2566 tumidis
596 2494 761 2565 livoribus
778 2491 909 2582 ollam,¹

76 2607 191 2700 Atque
210 2604 351 2676 oculum
361 2606 493 2676 medico
507 2603 555 2674 nil
571 2605 789 2700 promittente
805 2603 973 2676 relictum.

80 2716 265 2788 Bardaicus
278 2715 382 2814 judex
400 2715 501 2785 datur
516 2716 587 2786 lraec
603 2715 724 2815 punire
740 2713 884 2810 volenti,

289 2975 401 3014 “THE
423 2975 543 3012 melu
561 2975 659 3012 suum
682 2973 940 3012 inuauenuuamo.

117 3105 145 3142 1.
167 3085 248 3156 Quis
258 3085 360 3160 possit,
372 3085 466 3152 Galle,
474 3083 743 3142 fortunataemilitiae
750 3084 903 3142 commoda
910 3084 1150 3160 recenserell'go

73 3188 170 3248 certe,
191 3177 216 3232 si
230 3197 288 3252 qua
303 3177 423 3234 daretur
440 3177 552 3260 occasio
570 3176 713 3234 militandi
730 3175 885 3235 fortunatis
903 3175 934 3232 in
954 3175 1070 3245 castris,
1083 3175 1150 3234 licet

72 3269 227 3344 imperitus
236 3269 394 3328 admodum
408 3269 477 3327 belli
488 3289 521 3326 ac
532 3269 591 3326 tiro
602 3268 770 3345 planesim,
783 3287 844 3326 non
857 3266 1150 3340 dubitemnihilomi-

71 3381 129 3420 aaa
146 3345 180 3419 e'a
195 3363 293 3420 subire
308 3362 406 3420 lanatis
419 3363 566 3420 ominibus
574 3373 604 3420 et
614 3373 758 3420 annuente
767 3361 844 3434 lato;
856 3360 940 3434 cujus
947 3360 1149 3437 opportunitas
1164 3355 1167 3360 ’

71 3465 101 3512 et
116 3473 227 3512 numen
240 3455 358 3528 majoris
373 3456 411 3512 ad
426 3456 538 3514 felicem
555 3455 689 3514 militiam
704 3466 747 3514 est
761 3455 918 3526 momenti,
933 3473 1020 3531 quam
1031 3453 1057 3510 si
1068 3471 1149 3510 com-

71 3549 256 3607 mendatitias
273 3550 315 3606 ad⁴
327 3551 450 3606 Martem
468 3550 566 3607 literas
578 3549 733 3606 habeamus
749 3552 906 3620 achere‚
924 3562 975 3606 aut
994 3549 1083 3606 etiam
1099 3551 1150 3604 Ju-

70 3659 168 3708 uoae,
182 3659 247 3715 quae
258 3659 325 3696 eum
336 3641 450 3717 genuit,
463 3651 493 3697 at
504 3658 567 3715 quae
581 3641 698 3698 Samum
709 3640 841 3716 inprimis
851 3639 956 3716 diligit.

113 3751 142 3803 7.
163 3733 390 3808 Primoquidem
398 3732 544 3791 videamus
553 3733 705 3792 commoda
715 3752 778 3808 quae
787 3744 856 3791 sunt
865 3731 1000 3788 omnibns
1009 3730 1149 3790 militibus

71 3825 250 3882 eommunis.
269 3827 350 3882 luter
363 3825 415 3880 ille
426 3826 483 3882 hoc
493 3825 598 3882 ultimo
610 3827 676 3884 loco
693 3827 906 3884 numerandum
919 3843 980 3882 uon
994 3835 1054 3896 eat,
1068 3825 1150 3901 quod

69 3917 170 3974 nullus
190 3915 261 3974 cinis
281 3916 383 3974 audeat
406 3917 527 3976 militem
547 3919 725 3995 pereutere?
746 3921 840 3976 lmmo
864 3916 995 3994 quamvis
1018 3937 1034 3974 a
1057 3916 1149 3976 milite

69 4007 144 4065 civis
155 4010 304 4082 perculsus
316 4009 377 4085 ipse
386 4009 491 4076 luent,
508 4012 605 4082 sileat,
620 4030 673 4070 nec
684 4009 786 4068 audeat
798 4009 892 4085 judici
904 4020 1066 4068 monstrare
1078 4007 1148 4066 den-

68 4107 115 4156 tes
131 4100 187 4158 sibi
203 4112 336 4172 extum,
351 4121 385 4158 ac
399 4101 522 4159 lividum
543 4103 694 4160 tuberibus
712 4102 804 4180 nigris
823 4086 953 4173 vultum,
973 4101 1148 4176 oculumque

68 4210 166 4252 unum
184 4195 323 4254 ellossum
335 4195 473 4269 omuino,
485 4196 608 4255 alterum
623 4214 694 4255 vcro
706 4196 746 4254 ita
759 4195 961 4264 vulneratum,
974 4204 1007 4251 ut
1020 4192 1147 4252 medicus
