3030 4984
213 490 407 559 SATIRAE
429 490 745 562 DUODECIMAE
767 496 1009 564 ANALYSIS.
1082 519 1141 583 199

535 710 685 724 *-

292 925 526 1016 SATIRAE
560 927 942 1074 DUODECIMla

499 1119 726 1178 ANALYsls.

130 1328 159 1384 ln
175 1327 262 1403 prima
276 1349 369 1407 eaque
380 1331 504 1388 maxima
514 1333 614 1393 Satires
625 1344 705 1409 parte
720 1331 780 1411 (vs.
796 1330 907 1410 1-92)
918 1330 1061 1390 iuvenalis
1072 1331 1144 1388 hanc

103 1444 201 1489 uernat
218 1434 331 1492 ideam:
349 1437 467 1496 «Natali
486 1436 533 1494 die
551 1435 623 1494 mihi
638 1436 752 1495 dulcior
766 1436 826 1493 haec
841 1436 907 1508 lux,
927 1454 984 1512 qua
999 1445 1068 1493 vota
1082 1435 1144 1491 Diis

102 1535 215 1618 solvenda
237 1547 327 1610 sunt,

234 1689 277 1737 Ob
288 1675 395 1738 reditum
406 1688 550 1755 trepidantis
558 1690 639 1739 adhuc
649 1690 822 1756 horrendaque
834 1690 899 1756 passi

232 1785 330 1850 Nuper,
344 1796 368 1836 et
380 1787 528 1835 incolumem
538 1805 590 1837 sess
602 1789 712 1838 mirantis
724 1789 822 1838 amici.-

105 1933 159 1993 Inde
165 1937 258 2014 arripit
269 1939 452 1998 occasionem·
459 1939 638 2016 heredipetas
647 1942 743 2018 lepide
756 1939 982 2017 perstringendi,
992 1937 1145 2014 93-1303

233 2091 290 2140 Nec
298 2103 409 2157 suspecta
422 2092 468 2140 tibi
479 2093 530 2140 sint
539 2091 602 2153 hec,
612 2093 733 2142 Corvino:
745 2092 865 2151 Catullus,

234 2181 289 2233 Pro
301 2188 372 2248 cajus
383 2187 464 2236 reditu
475 2197 511 2236 tot
520 2203 589 2254 pono
599 2188 698 2249 altaria,
708 2201 798 2250 parvos

234 2283 299 2330 Tres
312 2283 388 2332 habet
396 2285 507 2335 heredes.

104 2415 183 2472 Satira
200 2421 279 2493 plena
301 2431 346 2478 est
360 2422 521 2479 festivitatis
532 2429 561 2477 et
579 2419 762 2478 facetiarum:
784 2438 844 2495 quo
856 2415 1038 2493 potissimum
1052 2414 1146 2473 resero

104 2536 139 2574 vs.
152 2537 193 2589 rr,
207 2523 253 2592 23,
267 2524 304 2580 33
316 2543 377 2599 seq.
389 2525 444 2601 39,
463 2530 517 2595 44,
530 2522 566 2593 45
575 2564 584 2594 ,
601 2523 636 2595 57
650 2541 709 2598 seq.
720 2523 873 2596 95—104,
891 2538 1053 2590 arr-127.
1064 2519 1149 2576 Prior

102 2620 152 2693 ejas
167 2643 225 2698 pers
237 2627 424 2686 mollissimos
439 2627 675 2703 dulcissimaeque
689 2626 819 2684 amicitiae
833 2625 941 2682 intimae
950 2643 1047 2682 sensus
1060 2623 1149 2681 affec·

104 2733 189 2802 iusque
198 2731 306 2809 spirat(
313 2732 388 2808 iupr.
398 2752 440 2791 rs.
452 2753 477 2802 1,
490 2751 592 2809 roseq.
602 2742 631 2789 et
639 2732 675 2790 83
684 2747 743 2807 seq.
751 2731 771 2810 i,
787 2741 816 2788 et
824 2749 925 2808 graves
931 2727 1034 2806 passim
1044 2726 1101 2806 (vs.
1112 2727 1149 2796 48

104 2847 149 2905 seq.
161 2832 192 2906 57
202 2855 259 2912 seq.
270 2847 299 2893 et
311 2836 368 2916 al.)
380 2837 520 2896 immiscet
528 2837 691 2895 sententias.
703 2837 780 2894 Festi
791 2857 908 2913 quoque
918 2835 977 2893 diei
985 2833 1150 2908 descriptio,

103 2955 136 2992 rs
146 2937 177 2994 83
190 2959 246 3016 seq.
262 2942 408 2999 animatur
421 2942 481 3000 vita
494 2953 523 3001 et
535 2945 664 3016 actione,
681 2954 825 3019 tamquam
836 2943 867 2999 in
880 2961 963 3000 scena
978 2950 1152 3018 peragantur

105 3043 190 3101 onan.
205 3049 269 3121 lpse
284 3046 411 3123 deniqne
428 3048 562 3106 transitus
577 3050 615 3106 ad
630 3051 748 3106 alteram
762 3047 895 3105 canuiuis
908 3056 1034 3122 partem,
1055 3064 1097 3101 vs.
1113 3043 1150 3118 93

105 3161 150 3221 aeq.
160 3151 346 3224 lepidissimus
358 3154 443 3209 simul
454 3165 483 3211 et
494 3153 738 3229 inopinatissimus
749 3163 800 3210 est.
810 3183 852 3195 ·-
860 3151 989 3208 Poetices
998 3149 1152 3220 studiosos,

106 3259 135 3304 ut
151 3251 314 3332 intelligant,
328 3276 414 3331 qaum
432 3257 511 3314 varie
526 3259 604 3316 idem
622 3269 823 3336 argumentum
839 3255 954 3313 tractari
970 3254 1075 3332 possit,
1092 3272 1153 3310 non

105 3356 248 3436 penitebit,
267 3361 392 3436 primam
410 3363 495 3437 hujus
519 3364 619 3422 Satirae
639 3373 752 3439 partem
770 3380 947 3438 comparasse
968 3379 1034 3416 cum
1050 3360 1153 3415 Horat.

106 3459 153 3516 Od.
168 3462 214 3538 363
229 3470 275 3537 11,
294 3469 400 3541 7,111‚
424 3475 473 3540 rt„
493 3480 522 3526 et
542 3469 645 3526 Catuli.
663 3487 750 3525 carru.
768 3468 831 3537 1X;
845 3466 963 3522 alteram
978 3474 1075 3521 sotem
1089 3479 1154 3518 cum

103 3569 207 3628 Luciani
222 3575 297 3632 nist.
311 3577 402 3632 Mort.
419 3576 530 3644 V-X,
545 3586 574 3631 et
586 3575 662 3650 iupr.
675 3593 741 3632 cum
753 3575 854 3630 Horat.
871 3574 930 3628 Sat.
948 3569 982 3641 5,
996 3570 1046 3626 lib.
1061 3571 1107 3637 11,
1123 3567 1155 3622 in

104 3689 154 3746 qua
165 3677 392 3754 heredipetarum
405 3689 480 3736 artes
497 3698 513 3734 a
526 3678 635 3735 Tiresia
650 3679 748 3756 Ulyssi
765 3686 962 3753 exponuntur,
974 3683 1004 3730 et
1017 3671 1154 3729 Horatius

102 3775 182 3853 longe
193 3794 302 3857 superat
316 3785 484 3840 Iuvenalem
502 3783 665 3841 urbanitate
681 3793 710 3840 et
725 3781 832 3840 facetiis
845 3782 876 3837 in
891 3781 1005 3838 delectu
1018 3789 1079 3834 tum
1093 3776 1154 3834 dis-

102 3882 242 3955 positionis
249 3908 280 3944 ac
288 3888 389 3964 formae
400 3887 411 3964 (
420 3907 483 3963 quae
493 3888 522 3944 iu
532 3898 631 3946 nostra
640 3906 758 3963 quoque
767 3887 859 3946 Satira
872 3885 1028 3944 admodum
1039 3883 1157 3959 quidem

102 4002 211 4047 venusta
233 4005 273 4050 est
295 4005 325 4051 et
343 3995 507 4071 ingeniosa,
526 3993 578 4052 sed
597 3993 692 4049 miuus
715 4004 826 4061 tamen,
848 4010 933 4067 quam
956 3987 1110 4048 dramatico
1128 3998 1158 4043 et

106 4083 241 4164 diuisui,
261 4119 316 4174 qua
330 4099 445 4156 flaccus
460 4110 503 4157 est
513 4117 581 4156 usus
592 4099 620 4176 )‚
638 4110 700 4155 tum
718 4116 906 4174 personarum
920 4113 1077 4169 earumque
1092 4112 1159 4170 gra·

106 4194 273 4260 vissimarum
285 4246 294 4277 ,
324 4206 428 4282 quibus
456 4217 562 4283 praeter
586 4185 704 4268 omnem
734 4204 975 4281 exspectationem
1004 4199 1101 4276 lepida
1132 4209 1161 4256 et
