3036 4984
338 396 392 460 ιιι
416 397 650 462 sarrana
673 397 921 464 numnam.
969 477 973 484 ,
1103 399 1164 462 103

96 509 172 572 prium
179 511 286 574 requiri,
297 514 349 572 jann
361 513 481 562 intellexit
490 511 653 574 Platbnerna,
664 525 687 562 et
696 515 840 566 Ptolemaeus
850 516 877 564 in
888 515 1011 580 Ethiopian
1022 515 1165 580 elephantos

95 591 159 661 aliq
167 607 251 640 amnes
262 594 381 652 tradidit,
392 611 424 643 an
433 612 465 644 ex
475 597 511 643 rei
521 596 633 656 veritate,
645 613 739 657 necne,
750 597 813 645 nihil
824 597 855 645 ad
865 612 925 646 rein.
933 619 945 638 u

131 689 192 737 Van.
214 691 276 738 150.
295 690 455 757 Eleplautes,
466 708 508 740 aa.

128 781 193 835 Nor.
218 789 283 852 149,
301 786 359 839 150.
379 787 481 856 Africa,
496 787 531 838 ab
544 785 658 848 oriente,
672 787 774 834 adaram
785 787 999 848 eatNilo,rursns,
1010 781 1168 849 deiude,ad

95 865 232 933 AEtbapana
239 871 348 934 populos
361 887 442 940 supra
455 871 616 941 AEgyptnm,
625 886 710 939 neque
720 867 756 920 ad
768 867 856 920 einum
871 868 1009 921 arabicum
1021 868 1031 935 (
1042 886 1057 919 a
1068 867 1166 938 quibua

95 944 188 999 diversi
201 961 268 1001 aunt
276 951 419 1023 AEthiopee
432 951 547 1024 heaperii
558 970 605 1005 aen
620 950 799 1005 occidentales
810 964 837 1004 et
848 951 991 1016 Atlantici,
1005 952 1032 1003 in
1042 951 1167 1003 interiore

95 1031 194 1098 Africa,
205 1033 244 1086 ad
253 1033 426 1111 occidentem
437 1048 463 1090 et
473 1054 546 1090 mare
558 1036 757 1106 Atlanticum),
773 1047 799 1090 et
811 1035 851 1089 'ad
869 1040 932 1088 aiens
945 1037 1101 1104 elephantos,
1115 1035 1168 1087 boc

94 1129 148 1180 est,
164 1115 201 1169 ad
220 1116 344 1180 Indiam,
363 1121 461 1192 inqua
479 1120 589 1174 maximi
608 1131 669 1172 sunt
684 1120 849 1192 elephanti,¹
868 1131 894 1173 et
911 1117 1043 1190 adquam
1061 1115 1168 1171 ludium

95 1213 191 1254 veteres
210 1215 301 1274 poetae
319 1216 346 1256 et
364 1204 513 1276 geographi
533 1204 702 1276 AEthiopiarn
721 1224 844 1278 quoque,
864 1205 991 1258 Arabiam
1010 1215 1169 1276 partemque

98 1286 202 1358 AEgypti
217 1287 352 1342 referunt.
367 1290 461 1342 ²Nota
471 1289 537 1342 ach.
551 1302 592 1342 eat
604 1307 611 1342 :
624 1291 715 1358 Africa
729 1294 818 1340 Mauro
830 1309 944 1357 percussu
960 1296 1058 1342 Oceano
1070 1301 1110 1341 eat
1122 1307 1168 1342 oc·

97 1367 171 1420 eidua
184 1371 245 1440 ejus
259 1389 340 1442 pare,
359 1373 418 1423 Nilo
430 1373 531 1422 admota
546 1371 698 1437 orientalia,
716 1376 754 1423 nd
772 1374 912 1440 AEeiriopnm
928 1375 1032 1441 popalus
1047 1371 1168 1426 interior.

95 1453 286 1523 Interpretatio
296 1465 386 1507 antem
396 1453 537 1507 Heineckii
548 1455 642 1508 eeteria
654 1455 723 1508 forte
736 1453 920 1526 preferenda:
932 1457 992 1509 «Ne
1005 1455 1095 1508 Africa
1110 1455 1170 1527 qui·

96 1535 152 1588 deur
164 1537 325 1590 sufficiebat
337 1537 501 1604 Hannibali,
517 1539 639 1611 quamvis
652 1539 769 1592 maxima
786 1540 837 1592 ait:
854 1557 917 1592 nam
933 1539 1054 1592 adluitur
1069 1557 1170 1592 oceano

94 1620 200 1679 Mauro,
213 1618 371 1674 extenditur
383 1639 468 1693 usque
478 1620 513 1674 ad
524 1623 632 1684 Nilum,
643 1641 732 1688 rursus,
744 1635 934 1695 praetereaque,
945 1621 980 1675 ad
989 1623 1172 1695 AEthiopiam,

95 1703 138 1756 ubi
150 1695 245 1775 magffi
254 1705 392 1777 elephanti
405 1718 483 1770 aunt,
495 1718 525 1760 ιιι
537 1705 611 1779 apud
624 1706 720 1758 Manil.
735 1706 786 1770 w,
799 1710 868 1778 667:

279 1805 308 1849 Et
316 1811 391 1850 raatna
399 1803 530 1864 elephantes
541 1802 611 1849 babet
618 1817 734 1864 aaronque
744 1801 837 1859 lennes,

94 1908 258 1962 quamquam
271 1889 408 1944 Bentleina
422 1889 497 1943 hunc
508 1909 615 1946 versum
629 1891 751 1963 spurium
762 1909 819 1944 erae
832 1889 937 1964 judicat
949 1908 956 1943 :
968 1889 1072 1956 nescio,
1086 1908 1168 1963 quam

95 1989 166 2024 vere.
180 1971 280 2026 Similis
294 1973 371 2026 locus
380 1985 421 2026 eat
432 1973 529 2027 Manil.
540 1973 590 2040 lv,
604 1973 758 2042 596-602,
771 1992 852 2046 quent
863 1975 880 2026 J
882 1975 989 2040 nveuali
1000 1986 1061 2028 anta
1074 1973 1168 2028 oculos

95 2053 179 2109 fuisse
188 2069 270 2129 puto:

278 2157 331 2216 lpaa
338 2163 401 2201 natat
410 2154 476 2202 tellus
483 2155 561 2216 pelagi
570 2155 664 2202 lustrata
674 2170 772 2210 corana,
989 2168 999 2204 l

279 2229 398 2290 cingentis
406 2229 509 2276 medinm
516 2229 610 2291 liquidis
618 2228 762 2290 amplexibus
773 2228 853 2274 orbem
861 2263 867 2283 ,

279 2303 352 2363 inque
360 2304 422 2348 sinna
430 2312 527 2364 pontum
536 2305 631 2363 recipit,
641 2305 681 2363 qni
689 2317 784 2364 vespera
793 2302 823 2346 ab
832 2311 883 2348 ιιιο

281 2375 398 2421 Admissus
405 2374 485 2422 dextra
495 2375 606 2422 Numidae
615 2377 758 2437 Libyamque
769 2377 880 2423 ualentem

280 2448 351 2494 Allarit
360 2457 383 2494 at
393 2463 481 2510 magna
491 2448 607 2510 quondam
617 2449 760 2512 Carthaginis
768 2465 843 2504 arcea;

281 2525 405 2584 litoraque
415 2525 440 2568 in
451 2525 528 2582 Syrtes
539 2539 647 2570 ravoaaua
658 2528 745 2572 sinuata
753 2524 849 2571 vadosae

278 2597 379 2644 Rursum
388 2613 460 2658 neque
470 2597 499 2643 ad
509 2597 587 2645 Nilum
601 2598 694 2645 ἀὶιιιιίι
704 2597 810 2645 flnntibna
822 2599 875 2644 exit

94 2681 170 2754 Apud
183 2683 333 2736 Manilium
344 2683 456 2757 quidem
467 2685 528 2738 voci
538 2705 632 2736 niniam
647 2683 783 2757 adjectum
797 2697 838 2738 eat
850 2684 963 2737 verbum
971 2685 1040 2747 exit,
1059 2693 1085 2736 et
1096 2683 1169 2754 apud

92 2770 220 2822 Nostram
232 2768 402 2823 desideratur
411 2770 532 2824 verbum.
546 2771 599 2824 Sed
611 2789 643 2824 ex
656 2770 740 2826 verbo
750 2774 852 2820 admota
867 2764 1058 2821 assumendum
1071 2779 1111 2820 eat
1121 2785 1168 2817 ea-

91 2867 166 2906 mne.
177 2853 262 2906 Talia
274 2873 331 2908 non
341 2853 479 2910 inusitata.
489 2853 567 2907 Cani.
579 2855 665 2908 Perii..
677 2853 712 2906 ad
721 2855 811 2906 Sanct.
823 2852 874 2915 lv,
885 2853 910 2905 8.
920 2853 993 2906 Tum
1002 2849 1170 2904 desideratur

92 2938 206 3009 uqnula,
219 2950 251 2990 ut
263 2957 359 3010 aaepe.·
370 2937 450 2991 Cnnl.
463 2937 498 2990 ad
511 2938 582 3002 XII,
594 2942 638 3008 76.

123 3097 193 3144 Vn.
216 3097 275 3146 151.
295 3096 483 3157 Hesperia,ar.

125 3187 194 3240 Non.
216 3188 277 3241 151.
298 3189 408 3238 Additur
425 3188 543 3253 imperiis,
563 3202 647 3256 regno
668 3177 833 3244 Poenorum)
852 3185 986 3251 Hispania,
1010 3183 1087 3254 cujus
1107 3201 1169 3254 pare

95 3271 253 3324 Hannibalis
273 3283 429 3344 expugnata
445 3280 485 3322 eet
500 3267 589 3321 armis.
607 3269 729 3334 Imperia,
748 3276 824 3319 vasto
841 3265 938 3318 African
952 3264 1080 3337 imperio;
1099 3266 1167 3318 ach.

4 3365 5 3382 ¹
94 3357 145 3410 Sed
159 3375 244 3430 neque
253 3357 408 3420 Hannibal,
421 3375 509 3428 neque
520 3354 595 3407 Poeui
607 3371 731 3424 magnam
742 3352 840 3404 Africae
852 3363 956 3424 partem
971 3364 1167 3423 expugnarunt.
1263 3395 1269 3404 .

4 3479 5 3484 ,
93 3475 126 3486 -
137 3449 282 3509 Ppenoeam
294 3455 430 3506 montem,
443 3460 498 3513 qno
508 3437 639 3511 Hispania
656 3455 671 3490 a
689 3438 780 3491 Gallia
794 3433 942 3495 dirimitur,
959 3438 1079 3497 transilit,
1095 3433 1169 3486 Han·

94 3527 166 3580 nibal
180 3528 305 3581 celeriter
315 3546 348 3581 ex
361 3525 491 3598 Hispania
506 3523 534 3577 in
544 3522 649 3576 Galliae
660 3523 748 3577 victor
759 3521 864 3576 transiit
874 3539 882 3574 ε
892 3538 956 3574 nam
966 3519 1077 3572 verbnm
1087 3532 1170 3569 erant·

523 3688 755 3708 mmmm

127 3831 136 3856 ¹
157 3823 223 3872 vide
231 3824 320 3888 Polyb.
332 3825 366 3885 V,
379 3825 424 3882 843
435 3825 542 3889 Appian.
553 3827 607 3890 Syr.
689 3831 700 3856 ²
718 3827 867 3888 Interpretea
884 3823 946 3871 aleos
960 3821 1114 3886 elephantos,
1128 3823 1168 3870 vel

94 3905 141 3964 313
153 3904 216 3952 Plin.
228 3905 305 3965 vm,
322 3919 351 3951 rr
364 3920 370 3950 ι
384 3903 551 3968 ιΕΙερΙιιιιιοι
563 3907 608 3954 sert
652 3903 684 3952 ad
697 3905 887 3962 Mauritaniam,
905 3901 945 3951 vel
958 3902 989 3950 ad
1007 3902 1167 3967 AEtbiupiam,

93 3982 173 4031 Alaina
187 3984 251 4032 ultra
263 3984 373 4048 Syrtica
387 3983 533 4033 solitudines
544 3995 568 4033 et
581 3987 609 4034 iu
652 3984 691 4032 vel
705 3984 737 4031 ad
746 3993 823 4032 totam
835 3983 938 4049 Libyam
948 3985 1070 4042 referunt,
1082 3992 1106 4030 et
1116 3982 1167 4028 aive

93 4063 241 4112 Μιιιόιιιιὶι
253 4081 259 4112 :
272 4065 355 4112 ierunt
365 4062 493 4128 AEthiopea
509 4075 533 4114 et
546 4067 609 4114 Tro-
652 4065 805 4124 lectionem,
828 4065 879 4114 aire
902 4063 1087 4114 distinctionem
1110 4077 1166 4110 uan-

92 4139 212 4209 glomum
222 4144 267 4194 ιιι]
279 4143 402 4194 maximoe
411 4145 492 4194 India.
500 4167 511 4188 ι
654 4153 714 4192 tant.
