3030 4984
330 460 395 536 246
615 459 656 524 n.
678 455 810 525 sumi
831 459 1099 530 Juvannms

327 574 456 666 Perque
472 586 586 660 tuum,
602 587 695 668 pater
707 577 813 672 AEgaei
827 579 1001 671 Neptune,
1015 581 1212 671 tridentem

325 681 431 751 Addit
443 697 475 752 et
488 681 674 752 Herculeos
687 707 801 772 arcus,
819 685 1013 781 hastamque
1025 689 1205 780 Minervae,

325 791 500 886 Quidquid
514 793 638 863 habent
653 792 794 864 telorum
809 799 1061 868 armamentaria
1073 797 1157 871 celi.

325 902 361 972 Si
380 927 461 973 vero
480 918 514 973 et
532 920 626 1000 pater
642 920 710 992 est,·
726 905 916 992 comedam,
933 909 1060 1003 inquit,
1076 909 1184 980 flebile
1196 908 1267 980 nati

327 1013 481 1112 Siuciput
496 1014 589 1106 elixi,
605 1017 794 1114 Pharioque
810 1019 972 1092 madentis
987 1041 1092 1097 aceto.

375 1129 478 1216 Sunt,
497 1129 533 1196 in
547 1131 703 1198 Fortunae
718 1131 775 1223 qui
789 1130 919 1201 casibus
932 1135 1045 1204 omnia
1059 1147 1187 1229 ponant

324 1242 369 1309 Et
382 1238 476 1308 nullo
490 1239 629 1308 credant
642 1241 805 1310 mundum
820 1257 949 1312 rectore
962 1245 1107 1331 moveri,

325 1353 456 1423 Natura
469 1347 622 1420 volvente
635 1352 722 1420 vices
737 1365 770 1420 et
786 1350 871 1422 lucis
884 1365 917 1422 et
930 1354 1028 1440 anni3

323 1465 434 1556 Atque
447 1461 522 1530 ideo
536 1460 691 1556 intrepidi
706 1485 925 1556 quaecumque
938 1461 1051 1533 altaria
1067 1475 1219 1558 tangunt.

325 1577 386 1646 Est
403 1572 504 1660 alius,
523 1588 673 1643 metuens
690 1597 732 1641 nc
750 1573 875 1642 cumen
895 1595 994 1668 poena
1009 1586 1180 1668 sequatur3
1358 1603 1393 1654 a⁰

326 1685 391 1756 Hic
405 1699 500 1779 putat
512 1707 580 1754 esse
592 1687 697 1772 Deos,
711 1698 745 1752 et
760 1681 905 1778 pejerat,
920 1695 1021 1778 atque
1038 1684 1083 1752 ita
1100 1705 1236 1753 sceumz

325 1799 532 1882 «Decerne,
550 1795 785 1890 quodcumque
802 1792 909 1882 volet,
928 1793 970 1864 de
987 1817 1129 1889 corpore
1141 1807 1261 1863 nostro

323 1907 401 1991 Isis,
413 1920 447 1974 et
459 1907 544 1974 irato
557 1904 656 1973 feriat
667 1926 739 1972 mea
750 1902 876 1972 lumina
889 1903 1004 1991 sistro,

323 2014 520 2086 Dummodo
532 2011 583 2084 vel
600 2038 707 2084 caecus
720 2027 867 2100 teneam,
884 2037 968 2108 quos
980 2014 1122 2108 abnego,
1135 2035 1267 2081 numos.

321 2131 366 2198 Et
379 2126 537 2220 phthisis,
550 2140 584 2194 et
597 2125 736 2195 vomicae
753 2139 881 2220 putrer,
899 2140 933 2194 et
946 2122 1121 2194 dimidium
1136 2147 1211 2192 crus
1357 2137 1392 2207 9⁵

322 2241 410 2309 Sunt
425 2233 530 2306 tanti?
547 2259 675 2329 pauper
686 2231 885 2328 locupletem
900 2250 1017 2330 optare
1030 2231 1213 2328 podagram

322 2351 376 2422 Ne
391 2346 522 2416 dubitet
537 2343 661 2430 Ladae,
679 2344 707 2412 si
724 2367 793 2413 non
810 2359 885 2440 eget
899 2345 1076 2438 Anticyra,
1095 2367 1159 2412 uec

321 2565 475 2622 arrhatam,
492 2552 660 2628 Neptunum
677 2549 820 2619 tridente,
836 2549 991 2607 Herculem
1011 2567 1094 2620 areu,
1114 2547 1276 2605 Minervam
1294 2545 1392 2617 baata;

321 2649 438 2706 demum
448 2663 504 2721 per
517 2647 572 2701 tela
583 2641 680 2700 omnia
694 2661 757 2717 quar
769 2643 800 2698 iu
810 2643 872 2700 celi
882 2641 1108 2701 armamentariis
1117 2649 1281 2708 sumantur,
1291 2637 1392 2713 jurare

318 2751 382 2812 ¹nou
389 2737 511 2796 dubitat.
521 2732 610 2806 Quod
618 2731 865 2806 siliberoshnbct;
877 2733 909 2792 si
918 2734 1000 2806 fallo,
1010 2735 1120 2812 iuquit,
1129 2735 1168 2790 ita
1178 2731 1251 2789 mihi
1260 2733 1393 2808 Superos

319 2833 409 2890 iratos
432 2829 593 2903 imprecor,
620 2837 653 2882 at
674 2823 726 2882 filii
748 2825 885 2884 canusini
907 2837 993 2904 caput
1015 2837 1096 2886 aceto
1120 2823 1258 2904 AEgyptio
1281 2823 1392 2882 elixum

319 2935 405 3002 atque
420 2922 564 2979 incoctum
579 2935 667 2994 cogar
681 2915 841 2978 comedere.

359 3015 406 3074 86.
428 3019 529 3091 Neque
538 3033 609 3072 vero
619 3013 725 3069 mirum
737 3022 794 3082 eat,
808 3011 873 3070 illos
885 3013 988 3089 impios
997 3021 1055 3070 tana
1066 3009 1189 3070 fidenter
1201 3009 1348 3086 pejerare,
1361 3020 1391 3066 et

319 3129 382 3167 arae
393 3109 455 3166 eine
471 3109 533 3165 ullo
548 3114 628 3164 metu
642 3116 774 3182 tangere3
793 3103 901 3180 quippe
919 3123 1008 3180 quum
1027 3121 1062 3162 ex
1082 3101 1138 3160 itit
1153 3103 1212 3160 siut
1224 3103 1275 3178 qui
1290 3099 1388 3158 omnin

317 3203 453 3258 Fortunae
471 3209 499 3256 et
514 3198 592 3254 casui
605 3197 754 3284 'tribuant3
775 3197 826 3271 qui
844 3198 970 3268 nullum,
986 3215 1076 3273 aquo
1092 3207 1209 3272 regatur
1228 3195 1276 3251 hic
1292 3193 1390 3264 orbis,

316 3309 426 3350 numen
441 3299 609 3366 aguoacaut;
630 3287 682 3363 qui
697 3287 770 3359 diei,
784 3289 892 3358 noctis,
913 3300 943 3347 et
959 3299 1083 3365 quatuor
1100 3289 1168 3346 nuni
1184 3298 1391 3364 tempestatum

315 3385 409 3444 varias
426 3383 504 3441 vices
525 3379 597 3438 oriri
614 3395 631 3436 a
649 3390 751 3436 natura
769 3381 940 3438 existiment.
961 3366 1019 3438 Alii
1034 3381 1169 3438 exaistere
1182 3378 1254 3437 dena
1266 3378 1389 3456 quidem

317 3479 515 3545 arbitrantur,
535 3491 567 3530 ac
588 3471 713 3548 proinde
737 3473 857 3545 timent,
879 3491 916 3530 ue
936 3472 1059 3549 perjurii
1077 3491 1174 3549 poenas
1192 3475 1290 3544 luant;
1311 3471 1390 3548 peje·

316 3583 382 3629 rant
403 3566 605 3634 nibilominus,
627 3575 657 3621 ct
675 3564 715 3622 sic
733 3565 813 3622 taciti
835 3565 962 3643 cogitant
978 3585 985 3621 :
1003 3567 1068 3622 «De
1089 3583 1155 3624 meo
1179 3581 1304 3640 corpore
1326 3574 1388 3622 ata-

315 3669 378 3719 tnat
394 3663 445 3718 Isia
460 3659 665 3736 quodcumque
677 3656 777 3726 volet;
798 3658 897 3714 oculor
919 3671 999 3715 meos
1016 3658 1089 3714 irata
1109 3657 1195 3715 sistro
1210 3674 1263 3714 suo
1283 3675 1390 3732 percu·

315 3754 387 3820 tint,
410 3751 568 3808 dummodo
592 3750 732 3826 pecunia,
760 3767 844 3824 quam
868 3749 988 3825 abjuro,
1009 3749 1103 3820 fruar,
1130 3751 1176 3806 rel
1201 3749 1270 3826 ipeia
1295 3749 1389 3808 oculis

315 3855 424 3918 captus.
446 3842 558 3899 Morbis
579 3841 727 3914 omnibus,
746 3841 868 3918 phthisi,
887 3843 1126 3920 apostematibus,
1146 3861 1230 3900 crure
1248 3843 1387 3902 diffracto

314 3943 343 3992 et
357 3933 475 4001 mutilo,
489 3943 623 3990 emuntur
635 3935 709 3991 bene
724 3933 850 4006 nummi3
864 3937 935 3992 tanti
950 3936 1055 3993 valent.
1074 3935 1105 3994 Si
1120 3935 1194 4011 sapit
1209 3935 1302 3992 Iudas
1317 3933 1386 4003 ille,

314 4027 466 4085 velocitate
488 4028 596 4102 pedum
617 4029 765 4105 inclytus,
789 4029 813 4086 ei
839 4028 968 4086 elleboro
992 4030 1137 4106 Anticyra
1165 4039 1194 4086 et
1219 4029 1387 4104 Archigene

312 4119 426 4178 medico
444 4131 505 4174 uon
523 4117 650 4194 indiget,
669 4121 802 4194 profecto
815 4119 972 4199 podagram
983 4163 991 4192 ,
1002 4137 1075 4197 ,que
1098 4119 1153 4196 ipsi
1173 4139 1243 4198 opes
1263 4121 1387 4179 allatura
1508 4147 1509 4186 ;

313 4214 367 4286 sit,
390 4221 547 4288 anteponet
568 4211 733 4288 pernicitati
753 4231 819 4288 suae,
848 4231 913 4272 curn
933 4231 990 4292 qua
1008 4225 1051 4272 est
1069 4213 1154 4292 inope
1171 4225 1203 4274 et
1219 4215 1294 4274 une
1314 4233 1386 4272 con·
