2992 4984
347 387 410 468 304
618 389 658 453 D.
688 387 828 456 JUNII
854 385 1138 455 IUVENALIS

343 508 417 577 Nec
434 503 531 574 vultu
550 487 697 590 dederit,
716 527 849 572 morum
866 528 999 597 quoque
1017 502 1121 594 filius,
1140 505 1243 600 etqui

342 615 467 685 Omnia
484 613 630 686 deterius
645 629 703 684 tua
719 639 780 709 per
794 613 937 709 vestigia
951 629 1084 710 peccet,

343 725 514 819 Corripies
529 724 707 810 nimirum,
727 738 761 792 et
776 723 950 817 castigabis
967 725 1087 795 acerbo

343 833 515 920 Clamore,
533 858 574 904 ac
591 848 668 928 post
684 833 758 902 hac
776 829 904 901 tabulas
921 847 1052 902 mutare
1071 833 1214 929 parabis.
1368 843 1401 898 55

343 944 443 1014 Unde
456 944 519 1014 tibi
531 943 679 1013 frontem
694 940 945 1036 libertatemque
959 942 1123 1035 parentis,

343 1054 460 1142 Quum
474 1053 576 1123 facias
589 1053 705 1147 pejora
718 1076 833 1138 senex,
852 1075 1066 1145 vacuumque
1078 1051 1216 1120 cerebro

342 1165 418 1233 lam
434 1163 567 1258 pridem
585 1177 688 1255 caput
702 1162 770 1231 hoc
783 1175 923 1230 ventosa
942 1159 1116 1231 cucurbita
1132 1155 1283 1252 quaerat?

391 1273 533 1368 Hospite
549 1286 710 1358 venturo,
730 1270 871 1340 cessabit
886 1294 985 1339 nemo
1002 1284 1148 1338 tuorum.

343 1386 450 1454 Verre
463 1383 714 1477 pavimentum3
735 1379 857 1449 nitidas
875 1379 1015 1450 ostende
1031 1379 1224 1466 columnas;
1374 1395 1408 1442 60

344 1493 450 1564 Arida
464 1519 542 1564 cum
555 1507 626 1562 tota
641 1488 822 1562 descendat
835 1513 957 1560 aranea
972 1487 1055 1578 tela;

344 1604 410 1673 Hic
427 1601 500 1672 leve
516 1616 713 1698 argentum;
731 1623 810 1668 vasa
826 1623 945 1694 aspera
960 1614 1087 1696 tergeat
1099 1597 1201 1686 alter3

343 1713 418 1782 Vox
431 1711 562 1780 domini
574 1710 658 1780 furit
669 1710 824 1780 instantis
836 1709 1032 1806 virgamque
1045 1709 1201 1779 tenentis.

344 1823 437 1914 Ergo
455 1819 559 1888 miser
573 1817 735 1913 trepidas,
755 1842 799 1888 ue
815 1833 961 1888 stercore
975 1819 1064 1890 foeda
1077 1819 1198 1890 canino

342 1929 436 1998 Atria
449 1926 644 2023 displiceant
658 1926 767 1996 oculis
780 1928 944 1997 venientis
956 1929 1069 2014 amici,
1380 1941 1412 1992 os

343 2039 397 2108 Ne
410 2036 545 2131 perfusa
559 2034 631 2106 luto
645 2037 688 2106 sit
699 2033 870 2131 porticus;
884 2051 917 2106 et
930 2052 1042 2106 tamen
1056 2061 1125 2106 uno

343 2147 499 2218 Semodio
516 2147 625 2218 scobis
641 2148 716 2218 haec
733 2147 894 2216 emundat
908 2145 1058 2216 servulus
1075 2172 1174 2216 unus.

344 2254 432 2327 lllud
445 2281 516 2326 uon
527 2256 651 2353 agitas,
672 2273 710 2327 ut
728 2272 877 2326 sanctam
894 2257 981 2326 filius
999 2257 1092 2325 omni

345 2367 517 2461 Adspiciat
534 2368 605 2436 sinc
620 2365 694 2436 labe
712 2367 868 2458 domurn,
886 2361 1243 2462 vitioqueearentem?

345 2571 450 2630 merito
473 2571 688 2648 castigandum,
705 2591 760 2630 nec
783 2573 826 2628 tui
841 2573 981 2629 duntaxat
1003 2573 1063 2630 oris
1083 2572 1256 2630 lineamenta
1273 2589 1422 2646 expresse-

346 2664 400 2736 rit,
422 2663 474 2722 sed
490 2682 606 2720 morum
618 2663 722 2732 etiam,
738 2675 768 2720 et
781 2662 976 2738 improbitatis
989 2673 1116 2737 paterne
1135 2663 1215 2737 quasi
1228 2661 1307 2720 lilius
1319 2663 1423 2732 luerit3

346 2775 437 2832 quum
451 2756 558 2814 scelera
572 2765 621 2812 tun
631 2753 759 2812 fideliter
769 2755 911 2825 inuitatus,
925 2774 959 2812 ea
970 2752 1085 2829 flagitiis
1096 2753 1155 2812 suis
1164 2753 1260 2812 adhuc
1273 2755 1424 2830 pejoribus

345 2847 549 2918 cumulaverit,
561 2846 644 2904 illum
656 2846 764 2902 scilicet
777 2845 988 2920 reprehendes,
1005 2854 1035 2901 et
1048 2845 1146 2902 verbis
1162 2846 1310 2904 atrocibus
1325 2847 1424 2904 iucre-

344 2939 437 3014 pahis,
448 2940 519 3014 quin
529 2940 616 2996 etiarn
624 2938 788 2996 hereditate
797 2937 921 3012 spoliare
931 2936 1099 2995 constitues.
1108 2938 1195 2996 Unde
1210 2939 1263 2996 tihi
1273 2941 1425 3017 errogahis

344 3032 472 3090 frontem
492 3032 581 3108 patris
601 3043 632 3089 et
650 3032 730 3088 illam
749 3042 876 3107 paternae
897 3030 1109 3108 objurgationis
1129 3030 1310 3102 libertatem,
1333 3052 1426 3108 quum
1493 3089 1494 3100 ,

345 3125 480 3202 gravima
500 3143 601 3199 pecces
618 3124 679 3200 ipse
694 3125 755 3198 jam
774 3135 856 3181 aetate
876 3135 1048 3200 provectus,
1069 3134 1100 3180 et
1118 3135 1204 3200 caput
1223 3137 1326 3198 tuum,
1348 3147 1425 3184 sane

345 3217 450 3274 meutis
461 3235 580 3290 expers,
598 3216 633 3272 iis
648 3215 755 3290 quihus
772 3226 910 3274 cumnmr
926 3214 1106 3292 phrenetici,
1126 3218 1317 3276 cucurbitulis
1333 3233 1425 3278 vento

346 3308 440 3384 plenis
452 3307 603 3384 indigeat?

387 3399 436 3477 59.
458 3400 557 3471 Quum
577 3399 681 3475 hospes
701 3400 805 3476 aliquis
821 3410 850 3457 te
870 3397 950 3456 domi
965 3407 1021 3454 tuae
1041 3409 1238 3460 conventurus
1257 3413 1317 3476 est,
1336 3423 1427 3464 nemo

347 3511 408 3552 uon
418 3503 536 3550 tuorum
547 3490 723 3550 famulorum
737 3494 796 3571 agit
809 3503 944 3551 strenue:
957 3490 1157 3566 pavimentum
1171 3514 1280 3574 purge,
1293 3497 1427 3572 inquies,

346 3585 502 3656 sordibus,
508 3584 656 3641 columnas
670 3596 769 3662 terge3
784 3597 817 3642 tu
830 3603 946 3643 anneus
957 3584 1030 3642 mihi
1040 3585 1108 3644 istas
1119 3586 1225 3661 dejice:
1238 3598 1272 3646 tu
1282 3601 1426 3666 argentea

347 3697 427 3748 vasa,
440 3688 470 3734 et
486 3695 551 3752 quae
570 3675 708 3733 suntsine
728 3677 902 3751 sculpturis,
916 3688 947 3735 et
968 3696 1033 3753 quae
1053 3691 1123 3736 suut
1138 3680 1250 3747 celata,
1263 3691 1359 3758 terge.
1378 3685 1426 3742 stc
1491 3727 1492 3736 ,

344 3769 409 3828 illos
427 3769 525 3826 furcos
545 3768 629 3826 dictis
643 3788 676 3825 ac
693 3769 863 3826 verberibus
883 3770 970 3827 etiam
985 3789 1081 3847 urgoe.
1102 3773 1181 3848 Ergo
1202 3772 1345 3848 trepidas,
1372 3777 1427 3834 rni-

346 3881 412 3933 ser,
434 3881 466 3917 ac
485 3861 613 3935 vereris,
634 3881 672 3918 ne
693 3861 766 3935 quid
782 3861 891 3918 surdum
913 3861 995 3920 domi
1012 3873 1068 3920 tuae
1082 3864 1190 3922 amicus
1208 3865 1367 3942 adspiciam
1390 3889 1428 3928 ne

346 3954 452 4010 atrium
472 3954 575 4011 canino
596 3965 743 4025 stercore,
766 3953 897 4027 porticus
915 3973 998 4014 coeno
1021 3954 1170 4030 inquinata
1187 3957 1242 4030 sit,
1264 3977 1357 4034 quum
1381 3972 1428 4022 ta-

345 4061 412 4101 men
434 4040 540 4115 injecto
561 4063 621 4101 uno
640 4045 796 4121 pulvisculi
812 4045 985 4104 semimodio
1008 4046 1076 4104 huic
1095 4049 1172 4106 malo
1193 4050 1306 4109 mederi
1331 4052 1428 4112 lunu-
1490 4027 1491 4054 ³

344 4137 389 4193 lus
407 4155 480 4194 unus
498 4137 588 4212 possit
602 4160 610 4193 ι
624 4138 699 4198 illud
716 4159 788 4198 vero
802 4159 863 4198 non
879 4157 975 4209 curas,
993 4149 1027 4196 ut
1046 4157 1150 4216 puram
1165 4143 1203 4200 nh
1218 4145 1300 4202 omni
1314 4133 1383 4206 labe
1399 4160 1428 4206 et
