2992 4984
379 398 441 462 302
649 397 693 459 D.
722 393 861 458 JUNII
888 394 1172 462 IUVENALIS

426 512 547 582 Mitem
560 512 727 596 animum,
742 525 776 580 et
788 535 899 579 mores
911 511 1053 580 modicis
1064 515 1234 584 erroribus
1245 539 1352 610 arquos
1406 534 1430 583 15

377 623 552 718 Praecipit,
570 637 669 716 atque
684 622 813 691 animas
829 646 1002 690 servorum
1021 637 1055 691 et
1071 649 1216 719 corpora
1228 640 1338 695 nostro

377 734 518 802 Materia
534 745 685 802 constare
701 746 797 826 putat
814 731 1017 825 paribusque
1035 730 1232 804 elementis?

377 849 431 914 An
449 844 565 913 saevire
582 840 680 910 docet
695 839 846 926 Rutilus,
865 842 924 933 qui
943 841 1068 934 gaudet
1085 845 1208 914 acerbo

378 951 556 1046 Plagarum
572 951 729 1045 strepitu,
745 963 780 1018 et
795 947 922 1017 nullam
936 951 1056 1020 Sirena
1072 952 1209 1047 flagellis

378 1064 576 1156 Comparat,
595 1059 821 1155 Anthiphates
834 1060 957 1154 trepidi
972 1058 1050 1129 laris
1066 1087 1106 1130 ac
1120 1059 1360 1158 Polyphemus,
1409 1096 1435 1128 ,ο

378 1173 466 1240 Turn
485 1167 579 1256 felix,
594 1171 724 1264 quotics
743 1168 861 1264 aliquis
877 1183 1006 1238 tortore
1022 1187 1143 1241 vocato

378 1282 500 1350 Uritur
515 1279 647 1350 ardenti
664 1278 733 1348 duo
749 1293 891 1374 propter
908 1277 1011 1349 lintea
1028 1279 1147 1351 ferro?

379 1389 473 1479 Quid
489 1389 608 1460 suadet
619 1389 737 1484 juveni
751 1387 844 1458 laetus
859 1387 1003 1461 stridore
1017 1407 1171 1479 catenae,

378 1499 491 1588 Quem
506 1498 591 1568 mire
605 1497 760 1568 afficiunt
773 1499 935 1595 inscripta
952 1499 1131 1597 ergastula,
1149 1527 1267 1574 carcer

380 1607 560 1679 Rusticus?
579 1618 769 1703 exspectas,
785 1623 824 1677 ut
837 1633 908 1677 non
923 1610 965 1678 sit
977 1609 1128 1680 adultera
1140 1613 1260 1708 Largae
1410 1631 1437 1680 25

379 1717 479 1806 Filia,
497 1744 571 1814 quae
588 1743 773 1814 numquam
792 1733 960 1788 maternos
979 1720 1091 1790 dicere
1108 1724 1260 1792 moechos

380 1829 550 1921 Tamlcito
568 1853 632 1898 nec
652 1841 746 1897 tanto
763 1829 886 1924 poterit
903 1846 1075 1902 contexere
1092 1859 1209 1922 cursu,

381 1938 430 2008 Ut
444 1959 515 2008 non
529 1953 579 2008 ter
596 1940 706 2009 decies
721 1941 885 2036 respiret?
902 1945 1036 2012 conscia
1051 1946 1151 2014 matri

380 2049 487 2143 Virgo
501 2048 584 2138 fuit3
597 2075 689 2120 ceras
703 2075 796 2121 nunc
809 2051 874 2121 hac
890 2051 1037 2122 dictante
1054 2051 1187 2148 pusillas
1289 2052 1293 2064 ’

381 2157 520 2254 Implet,
538 2173 573 2228 et
586 2160 628 2228 ad
643 2161 794 2231 moechos
808 2159 866 2230 dat
881 2161 1006 2232 eisdem
1020 2150 1107 2231 ferre
1123 2163 1266 2232 cinaedis.
1414 2179 1442 2230 30

382 2271 439 2341 Sic
452 2285 573 2340 natura
584 2271 682 2366 jubet
698 2298 706 2340 :
728 2271 875 2342 velocius
890 2287 924 2342 et
938 2269 1036 2342 citius
1051 2297 1115 2341 nos

383 2382 617 2474 Corrumpunt
634 2382 796 2451 vitiorum
814 2381 965 2478 exempla
983 2381 1185 2468 domestica,
1203 2380 1332 2474 magnis

423 2559 468 2618 15.
490 2562 660 2638 Praecipitne
675 2563 791 2620 Rutilus
810 2563 912 2636 mitons
929 2564 1058 2619 asimdm
1076 2563 1199 2635 babes-e,
1218 2574 1248 2618 et
1267 2580 1337 2637 erga
1351 2563 1440 2618 leviter

382 2664 475 2710 errata
488 2654 655 2712 lenitatem?
677 2657 799 2712 Putatne
811 2675 965 2714 servormu
979 2668 1090 2714 mentes
1103 2669 1133 2712 et
1145 2674 1271 2730 corpora
1287 2674 1320 2712 ea
1332 2673 1385 2731 qua
1397 2675 1442 2712 uos

381 2749 516 2820 materia,
533 2748 586 2819 iis,
609 2749 715 2824 quibus
735 2769 804 2820 nos,
823 2749 974 2824 principiis
989 2749 1137 2806 constare?
1159 2753 1207 2805 An
1224 2749 1314 2806 docet
1329 2750 1441 2806 crudeli-

383 2851 487 2911 tatem,
500 2858 591 2914 quum
604 2839 766 2898 delectetur
775 2841 881 2899 acerbo
894 2840 993 2898 sonitu
1003 2844 1156 2918 plagarum
1166 2860 1199 2896 ac
1210 2841 1310 2898 nullos
1315 2884 1326 2912 ,
1338 2853 1367 2898 et
1377 2842 1444 2900 Sire-

382 2950 455 2988 num
476 2943 575 2988 cantus
594 2930 716 3008 flagellis
733 2933 935 2991 resonantibus
953 2933 1097 2992 dulciores
1109 2933 1222 3004 credat,
1239 2953 1336 2991 novus
1350 2935 1380 2990 in
1396 2946 1443 2990 tre-

383 3025 453 3102 pida
467 3025 556 3082 domo
573 3025 745 3101 Antiphates
761 3037 790 3084 et
805 3027 1019 3104 Polyphemus?
1039 3029 1117 3084 Tum
1130 3026 1199 3083 felix
1217 3036 1261 3082 est
1278 3027 1349 3100 iste,
1366 3045 1443 3102 quun

383 3117 486 3193 aliquis
499 3137 600 3175 servus
610 3160 620 3189 ,
641 3129 746 3175 vocato
763 3117 914 3190 carnifice,
937 3119 1065 3178 inuritur
1085 3120 1182 3177 ferrea
1205 3118 1312 3176 lamina
1330 3118 1442 3186 ardenti,

383 3210 424 3265 ob
447 3209 507 3266 duo
528 3209 617 3267 lintea
644 3211 756 3268 amissa.
785 3212 867 3282 Quos
891 3229 989 3268 seuam
1011 3211 1114 3286 juveni
1135 3210 1256 3268 cuilibet
1279 3209 1443 3286 suggeritis

384 3300 437 3378 qui
456 3299 583 3360 stridore
604 3314 769 3359 catenarum
787 3303 914 3374 laetatur,
930 3320 1018 3377 quem
1033 3302 1118 3361 valde
1133 3303 1217 3376 juvat
1236 3321 1336 3360 servos
1352 3303 1444 3358 habere

383 3395 415 3450 in
430 3393 529 3450 fronte
543 3403 658 3451 notatos
665 3435 674 3464 ‚
690 3404 720 3452 et
737 3413 806 3452 rure
821 3395 969 3454 carceres?
983 3398 1032 3452 An
1048 3413 1146 3472 speras
1160 3395 1225 3453 lore
1236 3405 1271 3452 ut
1284 3397 1383 3471 Larga
1394 3392 1444 3449 filis

384 3483 495 3543 nonsit
509 3484 652 3543 adulterio
665 3484 778 3556 dedita,
794 3504 858 3561 quae
873 3504 1022 3560 nunquam
1034 3487 1153 3544 nomina
1164 3487 1346 3546 moechorum
1358 3484 1445 3542 matris

384 3577 458 3636 adeo
472 3575 614 3635 velociter
629 3578 751 3636 recitare
767 3577 876 3654 poterit
893 3589 922 3638 et
934 3589 1013 3638 tanta
1026 3579 1226 3654 festinatione,
1245 3593 1353 3638 utnon
1362 3578 1445 3638 tricies

384 3672 544 3729 anhelitum
553 3671 691 3748 recipiat?
701 3672 890 3750 Flagitiorum
900 3671 999 3729 mattis
1008 3673 1123 3732 conscia
1131 3671 1199 3746 fuit,
1209 3675 1282 3732 dum
1289 3674 1372 3751 virgo
1381 3681 1445 3730 erat:

386 3786 478 3837 nunc,
498 3779 590 3824 matre
608 3768 715 3843 stylum
735 3766 874 3839 docente,
893 3766 990 3824 literas
1009 3767 1163 3825 amatorias
1179 3767 1296 3840 scribit,
1316 3787 1382 3843 qius
1402 3781 1446 3839 per

387 3855 520 3930 eosdem,
535 3877 589 3934 per
603 3877 677 3934 quos
693 3868 795 3930 mater,
810 3858 928 3916 lenones
940 3858 978 3915 ad
992 3858 1139 3918 adulteros
1156 3859 1290 3917 ferendas
1302 3869 1388 3916 curat.
1407 3854 1446 3912 Sic

387 3968 403 4003 a
417 3959 521 4005 natura
531 3950 690 4026 comparati
700 3969 815 4020 sumus,
828 3961 862 4006 ut
874 3951 1012 4028 exemplis
1025 3951 1189 4010 domesticis
1199 3951 1339 4010 vitiorum
1347 3947 1447 4006 huillus

390 4043 482 4097 multo
494 4052 523 4098 et
534 4043 671 4114 celerius,
682 4061 770 4119 quam
781 4043 908 4100 externis
919 4054 949 4102 et
958 4043 1119 4120 peregrinis
1133 4043 1333 4120 depravamur,
1341 4057 1448 4125 preser-

390 4132 442 4188 tim
458 4153 548 4209 quum
560 4134 784 4211 proficiscuntur
800 4137 837 4192 ab
852 4137 1034 4208 hominibus,
1053 4155 1179 4214 quorum
1192 4137 1345 4196 auctoritas
1359 4127 1446 4208 magni
