3036 4984
344 396 405 472 144
613 392 655 456 D.
681 389 818 456 JUNii
844 391 1125 456 JUVENALIS

339 509 472 575 Interea
488 521 605 601 gustus
621 506 784 577 elementa
800 532 859 602 per
875 508 991 574 omnia
1007 519 1175 600 quaerunt,

339 617 532 711 Numquam
547 617 660 686 animo
675 619 792 712 pretiis
806 619 1013 687 obstantibus
1029 644 1036 684 ε
1058 616 1198 686 interius
1212 617 1239 683 si
1370 628 1414 681 ιε·

339 727 518 814 Attendas,
540 728 644 822 magis
661 726 715 796 illa
729 730 866 820 juvant,
883 754 956 823 quae
971 715 1076 822 pluris
1092 741 1261 796 emuntur.

338 837 430 930 Ergo
446 837 535 906 haud
550 837 685 906 difficile
700 853 762 919 est,
781 838 967 931 perituram
985 861 1149 906 arcessere
1163 859 1326 904 summam

339 948 509 1018 Lancibus
524 950 705 1043 oppositis,
720 949 773 1017 vel
789 950 903 1017 matris
920 950 1063 1043 imagine
1078 950 1198 1038 fracta,

339 1059 382 1126 Et
397 1057 647 1152 quadringentis
666 1058 776 1126 numis
792 1057 929 1124 condire
947 1055 1101 1148 gulosum

339 1166 476 1237 Fictile:
497 1169 543 1236 sie
561 1168 697 1236 veniunt
713 1167 754 1233 ad
772 1163 981 1233 miscellanea
998 1162 1078 1231 ludi.
1370 1184 1403 1218 ²0

387 1277 506 1347 Refert
521 1301 619 1371 ergo,
635 1277 709 1370 quis
722 1276 794 1344 haec
811 1273 926 1342 eadem
943 1265 1058 1367 paret:
1075 1271 1110 1338 in
1125 1271 1240 1341 Rutilo
1255 1295 1332 1340 nam

339 1387 486 1454 Luxuria
500 1399 564 1470 est,
581 1386 615 1453 in
630 1383 792 1452 Ventidio
810 1381 973 1452 laudabile
988 1393 1110 1450 nomen

338 1495 462 1579 Sumit,
480 1509 513 1562 et
529 1517 549 1560 a
564 1517 665 1560 censu
681 1490 802 1559 famam
820 1493 933 1561 trahit.
953 1489 1052 1560 Illum
1068 1515 1130 1585 ego
1142 1491 1220 1582 jure

336 1604 543 1696 Despiciam,
560 1603 617 1696 qui
634 1602 712 1686 seit,
728 1617 854 1695 quanto
869 1600 1043 1671 sublimior
1057 1601 1149 1671 Atlas

337 1715 502 1784 Omnibus
518 1715 553 1782 in
570 1713 675 1807 Libya
692 1713 736 1780 sit
754 1712 942 1798 montibus3
963 1712 1019 1780 hie
1039 1726 1150 1780 tamen
1165 1711 1253 1779 idem
1371 1725 1404 1778 ,ὅ

337 1830 492 1921 Ignorat,
509 1837 671 1918 quantum
689 1822 813 1890 serrata
829 1821 928 1890 distet
944 1822 1078 1890 abarca

339 1933 506 2004 Saeculus.
528 1935 557 2002 E
574 1931 655 2002 caelo
669 1932 859 2022 descendit,
875 1938 967 2004 Γνῶθι
981 1935 1114 2020 σεαυτὸν,

339 2104 472 2160 vescitur.
484 2104 604 2160 Interim
614 2103 707 2160 donee
717 2110 875 2178 suppetunt
884 2105 1007 2174 nummi,
1019 2106 1091 2180 gulae
1102 2103 1279 2160 irritamenta
1288 2109 1319 2157 et
1326 2099 1406 2157 eibo-

339 2215 404 2254 rum
419 2194 573 2252 deliciasin
586 2214 667 2266 aere,
680 2195 766 2266 mari,
781 2207 873 2267 terra,
888 2207 1100 2264 consectantur,
1111 2207 1139 2252 et
1150 2215 1185 2253 ex
1200 2193 1332 2250 omnibus
1344 2193 1407 2248 ele-

295 2354 298 2361 ·
338 2287 442 2344 mentis
454 2299 621 2363 corrogant;
643 2307 738 2362 neque
751 2288 836 2346 ullius
850 2289 937 2362 pretii
952 2289 1162 2366 magnitudine,
1185 2297 1213 2343 et
1230 2284 1345 2342 caritate
1359 2284 1410 2338 ul-

338 2379 394 2435 lius
411 2379 524 2434 obsonii
538 2378 618 2453 quod
633 2379 689 2434 illis
706 2381 851 2448 arriserit,
869 2381 1052 2437 deterrentur
1070 2382 1106 2437 ab
1120 2378 1256 2437 emendo:
1272 2375 1362 2451 quin,
1382 2375 1408 2430 si

340 2489 402 2527 rem
413 2469 577 2546 diligentius
588 2471 751 2545 expendas,
765 2491 797 2530 ea
812 2475 918 2531 fereula
930 2474 1019 2550 magis
1033 2493 1081 2531 eos
1095 2473 1254 2540 delectant,
1269 2487 1332 2543 quae
1344 2485 1409 2520 ma-

337 2563 396 2638 jori
417 2563 512 2636 pretio
527 2575 706 2621 coemuntur.
730 2567 831 2640 Neque
846 2585 917 2624 vero
930 2569 1086 2625 admodum
1101 2568 1247 2634 laborant,
1268 2560 1411 2638 quemad-

340 2655 458 2711 modum
479 2656 628 2729 peeuniam
648 2658 721 2713 male
742 2659 918 2731 perdendam
937 2669 1118 2735 comparent,
1142 2660 1249 2734 quippe
1270 2655 1321 2730 qui
1346 2671 1411 2708 non

341 2747 475 2805 dubitent
494 2767 555 2803 eam
571 2769 587 2803 a
601 2748 795 2806 creditoribus
816 2751 954 2820 mutuari,
972 2752 1044 2808 datis
1058 2753 1175 2828 pignori
1193 2749 1294 2826 patinis
1314 2745 1412 2802 aureis

342 2841 533 2918 argenteam,
546 2861 579 2900 ac
593 2843 703 2916 reliqua
715 2842 870 2902 domestica
882 2846 1063 2919 supelleetili;
1075 2845 1194 2903 concisis
1206 2845 1288 2901 etiam
1298 2841 1413 2897 frusta-

342 2933 434 2990 timet
448 2935 630 2992 comminutis
644 2947 795 3009 parentum
809 2957 927 2994 suorum
942 2939 1040 2994 statuis
1060 2961 1066 2995 ε
1081 2959 1174 3013 neque
1188 2947 1362 2995 cunctantur
1382 2933 1414 2988 in

342 3043 433 3080 unum
444 3025 563 3099 aliquod
574 3027 727 3083 obsonium
740 3027 820 3084 fictili
832 3029 935 3102 patinae
945 3071 953 3099 ‚
965 3029 1200 3104 quandoquidem
1216 3030 1278 3084 aliae
1291 3023 1414 3102 pignori

342 3126 409 3170 sunt
435 3115 526 3184 datae,
549 3118 716 3192 impositum
727 3161 736 3187 ,
765 3123 973 3196 quadringenta
994 3122 1121 3179 sestertia
1145 3121 1316 3197 impendere.
1343 3125 1413 3194 lta,

342 3205 483 3280 dissipatis
496 3207 578 3263 brevi
593 3209 730 3279 iomanis,
740 3233 776 3269 eo
786 3213 942 3269 deveniunt
955 3213 1001 3268 isti
1011 3213 1118 3288 gulosi,
1128 3225 1160 3268 ut
1172 3213 1325 3270 histriones
1336 3231 1412 3269 eva-

341 3296 409 3352 dant
419 3337 426 3364 ‚
438 3317 470 3354 ae
482 3317 633 3371 personam
644 3301 676 3356 in
689 3303 873 3384 miscellaneis
884 3304 958 3360 ludis
974 3316 1069 3374 agant.

383 3407 429 3443 ar.
447 3390 569 3445 Interest
577 3391 676 3466 igitur,
686 3395 749 3466 quis
758 3397 870 3451 laureae
880 3395 1030 3470 splendide
1038 3407 1181 3454 vescatur:
1192 3396 1221 3452 id
1233 3397 1340 3452 enimsi
1349 3397 1412 3453 ltu-

338 3480 409 3536 tilus
419 3481 515 3552 faciat,
523 3484 604 3540 luxui
611 3495 639 3541 et
648 3485 874 3561 intemperantia
884 3488 998 3545 deditus
1008 3508 1066 3545 esse
1077 3489 1202 3560 dicetur3
1213 3490 1237 3546 si
1246 3489 1413 3559 Ventidius,

342 3573 461 3632 honeste
472 3595 505 3632 ae
516 3577 698 3634 laudabiliter
706 3599 791 3654 agere
801 3579 1018 3654 pradieabitur3
1030 3581 1163 3655 idemque
1173 3582 1288 3651 vitium,
1298 3581 1367 3654 quia
1378 3581 1413 3635 fit

342 3684 358 3719 a
372 3665 477 3738 divite,
490 3687 597 3725 nomen
608 3670 722 3727 virtutis
733 3671 842 3728 induet.
854 3673 928 3728 Mihi
941 3693 1011 3729 vero
1021 3673 1069 3728 ille
1082 3691 1181 3746 parum
1194 3692 1291 3746 sapere
1302 3672 1412 3728 rnerito

343 3757 505 3831 videbitur,
518 3763 569 3836 qui
580 3764 658 3820 norit
670 3777 778 3838 quanto
787 3766 874 3822 altior
885 3765 986 3822 ceteris
994 3765 1097 3821 Mrieae
1110 3767 1255 3822 montibus
1266 3765 1302 3822 sit
1313 3767 1412 3834 Atlas,

342 3863 538 3924 nequetamen
544 3857 984 3931 sciatquantumsitdiseriminis
993 3859 1318 3935 interingentenraream
1327 3858 1411 3914 ferro

342 3941 502 4012 munitam,
522 3958 551 4002 et
571 3949 702 4024 exiguam
720 3969 893 4008 eramenam.
915 3953 1053 4008 Praeclara
1068 3953 1115 4008 ilia
1131 3973 1187 4008 vox
1206 3965 1234 4008 et
1250 3951 1409 4022 sententia,

346 4034 442 4088 Nosce
454 4045 481 4090 te
490 4039 597 4110 ι’ρειυη,
610 4059 626 4095 e
637 4043 708 4097 eaelo
719 4043 756 4098 ad
768 4063 820 4098 nos
832 4044 950 4100 demissa
964 4055 1021 4115 est3
1033 4055 1148 4120 oportet
1159 4045 1234 4114 illam
1250 4045 1313 4098 altis
1327 4062 1410 4098 men·

341 4126 416 4183 tibus
428 4147 583 4206 reponere,
595 4133 728 4208 illiusque
739 4155 851 4210 semper
860 4137 1039 4210 meminisse,
1051 4155 1101 4193 seu
1112 4136 1217 4196 ducere
1225 4155 1347 4194 uxorem
1356 4155 1410 4193 co·
