2992 4984
301 385 363 451 368
387 383 580 452 SATIRAE
603 385 810 451 DECIMAE
831 387 1030 470 QUINTAE
1052 387 1290 454 ANALYSIS.

298 503 366 558 inde
376 501 538 576 principum
550 501 669 557 ambitio
679 519 784 577 prava,
800 503 960 560 aulicorum
969 503 1090 561 aviditas
1104 516 1132 561 ct
1147 509 1302 575 Δηιαγυγῶν
1318 503 1364 560 iu·

299 594 389 664 sauia,
410 593 478 650 hinc
495 593 672 668 populorum
685 593 818 650 socordia
834 604 863 650 et
876 594 1055 652 imbecillitas
1067 595 1178 652 miseris
1197 596 1363 674 mortalibus

300 685 405 743 excidii
415 705 517 743 oaussae
530 685 649 742 fuerunt
659 697 823 760 terramque
833 687 906 742 bano
918 687 1052 744 miseram
1063 688 1165 765 stragis
1178 689 1274 745 sedem
1283 689 1366 745 deso-

299 778 472 852 lationisque
484 777 585 834 iecere.
597 803 609 829 a

339 874 384 928 De
400 882 547 946 ternpore,
560 889 619 946 quo
630 871 703 927 hanc
715 870 838 928 Satiram
851 871 998 946 scripserit
1009 871 1174 942 luvenalis,
1184 873 1244 929 vid.
1256 874 1365 929 Corum.

300 963 337 1019 ad
349 983 391 1020 vs.
405 981 452 1034 ²7·
469 963 567 1018 Minus
583 972 711 1031 constat,
726 983 782 1038 qua
792 963 943 1020 occasione
955 974 984 1020 et
997 982 1057 1039 quo
1070 965 1137 1020 loco
1151 963 1310 1039 composita
1323 965 1366 1020 sit

300 1059 389 1112 Vetus
403 1054 501 1111 Schol.
516 1053 583 1109 «Ad
596 1053 761 1123 Volusium,
772 1052 882 1128 inquit,
896 1053 933 1110 de
942 1054 1147 1130 AEgyptiorum
1158 1055 1246 1110 sacris
1254 1054 1366 1124 scribit,

301 1148 370 1204 odio
388 1145 527 1220 Crispini,
545 1145 596 1220 qui
612 1146 765 1222 AEgyptius
781 1155 859 1215 erat,
874 1163 977 1222 egens,
991 1155 1021 1202 et
1035 1145 1125 1202 modo
1138 1145 1367 1222 magister-pedi·

301 1251 364 1298 tum
382 1250 468 1313 atque
487 1237 617 1312 equitum
638 1237 727 1294 lactus
746 1247 818 1294 est.»
840 1237 907 1294 vid.
926 1237 964 1294 ad
981 1239 1013 1308 l,
1031 1240 1068 1297 25
1082 1257 1142 1313 seq.
1157 1247 1186 1294 et
1205 1240 1256 1308 lV,
1275 1257 1288 1293 r
1309 1257 1364 1313 seq.

300 1329 661 1390 Calderinuszalnvchitnr
669 1329 701 1386 in
709 1340 810 1386 mutua
818 1329 968 1384 hominnm
980 1330 1049 1386 odia
1058 1340 1088 1386 et
1097 1331 1253 1402 feritatem,
1266 1341 1365 1387 uorsus

301 1423 409 1480 scilicet
423 1421 556 1478 Paridem
572 1418 644 1498 (vid.
660 1420 698 1477 ad
712 1422 784 1492 vll,
803 1421 840 1491 87
854 1419 940 1497 seq.),
956 1420 1036 1494 cujus
1051 1422 1121 1478 odio
1137 1423 1231 1478 luerat
1246 1422 1365 1496 ejectus,

300 1527 413 1590 sumpta
427 1514 577 1570 occasione
594 1533 629 1570 ex
649 1533 681 1570 re
698 1524 792 1590 gesta,
812 1533 897 1589 quam
911 1517 943 1569 in
957 1517 1085 1592 AEgypto
1100 1516 1240 1600 viderant
1256 1516 1365 1592 Lipsius

302 1607 410 1687 (Epist.
422 1609 529 1677 Quest.
541 1607 594 1679 Ν,
606 1604 677 1681 ao):
693 1608 881 1662 aluvenalem
895 1607 1036 1665 exsulasse
1046 1609 1100 1664 sub
1114 1609 1296 1676 Domitiano,
1307 1628 1365 1666 uou

301 1698 466 1768 abnuerim,
482 1707 526 1768 et,
550 1696 631 1771 quod
646 1697 677 1752 in
693 1697 785 1753 Divaei
800 1697 877 1754 libro
896 1708 954 1768 est,
976 1697 1008 1753 in
1020 1701 1177 1775 AEgyptum
1193 1698 1279 1756 etiarn
1296 1693 1365 1755 mis·

300 1810 377 1860 sum,
389 1791 469 1846 ultro
479 1787 662 1846 crediderim.
678 1788 809 1846 Iudicate
820 1792 876 1847 hoc
887 1791 947 1866 ipse
957 1791 1051 1848 voluit
1059 1793 1145 1849 Satir.
1156 1793 1223 1862 XV,
1234 1792 1282 1860 45.
1298 1793 1364 1848 Ait:

300 1978 388 2048 laret,
401 1985 435 2031 ut
450 1976 514 2032 MS.
529 1972 638 2043 nivei,
650 1973 713 2042 vel,
728 1982 763 2030 ut
778 1974 899 2046 Suidas,
917 1995 1009 2050 quum
1022 1975 1054 2031 in
1065 1976 1161 2032 vicina
1176 1987 1247 2033 esset
1260 1979 1365 2033 Penta·

300 2069 361 2144 poli
372 2088 423 2126 scu
435 2067 607 2144 Cyrenaica;
621 2065 681 2122 vid.
698 2067 772 2124 Plin.
787 2069 823 2137 V,
839 2066 867 2123 5.
882 2069 950 2124 Haeo
965 2067 1096 2124 lustratio
1110 2067 1228 2146 AEgypti
1241 2087 1364 2125 caussam

300 2161 343 2218 illi
354 2161 478 2238 praebuit
488 2159 645 2234 scribendae
657 2158 751 2214 sutirae
762 2158 799 2215 de
810 2159 929 2216 immani
939 2160 1142 2236 superstitione
1153 2161 1361 2238 AEgyptiorum.

299 2251 362 2309 Nisi
371 2254 428 2309 boc
439 2251 552 2322 fuisset,
565 2269 617 2308 cur
628 2268 689 2306 nou
701 2249 811 2324 pariter
822 2251 934 2325 aliquid
944 2251 981 2307 de
993 2252 1126 2326 Hisponis
1138 2263 1188 2308 aut
1198 2251 1361 2309 Germanis?

302 2344 376 2400 Hinc
386 2354 481 2400 tamen
489 2363 550 2400 nou
559 2362 614 2418 pro
623 2352 703 2400 certo
710 2339 854 2398 affirmare
862 2342 963 2414 ausim,
973 2343 1047 2398 banc
1054 2343 1178 2400 Salicum
1187 2362 1248 2400 non
1257 2347 1362 2412 Roma,

301 2437 394 2494 sedin
405 2439 531 2514 AEgypto
543 2447 573 2493 et
585 2448 716 2510 ternpore
730 2434 836 2505 exsilii,
851 2435 986 2510 scriptam
995 2433 1177 2493 subsolani
1188 2435 1363 2511 probabilius

300 2527 426 2600 videtur,
444 2540 473 2586 et
488 2547 604 2585 versum
619 2525 655 2596 45
672 2527 709 2583 ad
724 2545 815 2584 annos
828 2547 946 2602 quoque
957 2527 1133 2602 juventutis,
1156 2529 1261 2603 quibus
1281 2539 1363 2603 poeta

302 2621 459 2696 AEgyplum
479 2623 601 2678 lustrare
620 2618 732 2695 potuit,
753 2620 860 2676 referre
875 2620 951 2677 licet.
973 2621 1056 2677 Conf.
1071 2621 1138 2676 Vita
1152 2621 1299 2677 Iuvenalis
1313 2639 1363 2695 per

300 2730 391 2770 annos
405 2733 475 2772 arne
489 2714 598 2791 digesta
612 2712 650 2768 ad
662 2731 728 2768 anu.
741 2713 815 2768 Urb.
828 2713 1031 2772 CCCXXXIII
1045 2723 1075 2770 et
1089 2713 1324 2771 DCCCLXXIV.
