3036 4984
354 439 413 504 132
505 431 676 499 VARIAE
697 430 993 498 LECTIONES
1015 432 1078 496 ET
1099 433 1251 497 NOTAE

320 595 322 600 .
347 567 436 604 aurore
449 549 505 620 ejus
521 545 656 598 detinetur
667 561 699 596 ac
711 542 871 606 devincitur,
888 543 1093 610 erstrbguendnr,
1106 547 1242 610 peritum,
1256 558 1288 597 ut
1304 557 1408 616 pereat:

345 650 409 684 nam
417 629 501 694 oculi,
512 627 555 680 vel
566 626 646 679 iacies
654 665 662 692 ,
671 623 781 698 aliaque
792 639 880 698 partes
893 625 1014 696 corporis
1024 626 1146 697 pulchro
1159 626 1351 699 adspicientem
1360 648 1403 678 aa·

275 769 278 780 ,
341 734 414 784 pere,
427 733 524 782 rupere,
546 711 595 760 sili
606 712 728 776 subripere
744 721 772 762 et
786 712 878 760 venari
894 706 1048 761 dicuntur.¹
1072 710 1145 762 Male
1160 714 1278 782 jungunt
1296 730 1303 764 :
1318 716 1409 781 mptur

347 799 536 864 restinguendus
546 795 621 845 oculis
632 793 781 851 Μουσῶν,
791 789 955 844 occidendus
967 805 1028 846 ante
1040 795 1135 847 oculor
1145 796 1210 867 ejus.

378 905 448 956 Nor.
467 900 613 955 333-336.
633 900 826 952 Describuntur
837 900 957 954 solennia
970 901 1125 974 nuptiarum
1136 904 1288 958 Messalina
1296 918 1324 959 et
1331 905 1389 960 Silii
1400 947 1408 972 ‚

346 986 380 1040 de
390 985 570 1060 quibuscum.
579 985 646 1037 Tac.
658 988 726 1038 Ann.
739 983 796 1046 Xl,
811 1001 853 1053 ²7·

380 1161 445 1207 Vsa.
465 1158 523 1214 334.
542 1154 705 1213 Flammsoio,
721 1155 767 1214 1⁸,
779 1169 825 1214 ao,
839 1154 888 1216 23,
902 1163 950 1215 as,
964 1158 1011 1218 62,
1026 1157 1073 1219 68,
1086 1173 1127 1219 71,
1144 1172 1191 1218 72,
1206 1159 1248 1218 73.
1261 1159 1409 1223 Videsnpra

343 1243 439 1293 Comm.
451 1241 482 1290 sd
494 1243 536 1302 11,
549 1247 606 1295 aas.

275 1339 277 1344 “
377 1335 446 1388 Nor.
463 1333 523 1396 334.
541 1333 700 1390 flammeolo,
712 1331 786 1392 velo,
798 1347 853 1400 quo
865 1342 935 1384 tecta
945 1349 1043 1403 sponsa
1057 1332 1099 1386 sel
1112 1351 1182 1386 nova
1195 1344 1279 1405 nupta
1292 1333 1409 1390 traditur

343 1435 457 1490 sponso;
474 1413 537 1471 ride
552 1413 587 1467 ad
606 1415 650 1475 11,
670 1417 728 1473 aad.
747 1441 782 1450 -
804 1413 899 1476 Tyrius,
917 1431 1084 1484 purpureus,
1101 1417 1228 1479 Genialis,
1248 1415 1305 1467 scil.
1324 1413 1410 1468 lectus

343 1501 483 1574 nuptialis,
495 1515 616 1571 purpura
629 1508 741 1560 stratus;
758 1493 821 1549 vide
830 1493 867 1548 ad
881 1497 938 1560 Vl,
952 1515 994 1549 aa.
1007 1527 1043 1536 —
1055 1500 1085 1546 In
1097 1499 1175 1548 bursis
1188 1497 1365 1563 Lucullianis,
1376 1497 1411 1552 de

343 1584 377 1638 de
386 1585 483 1657 quibua
493 1581 553 1636 ride
563 1579 652 1634 Tacit.
661 1579 771 1650 ejusque
782 1579 868 1648 intpp.
878 1580 945 1630 Anu.
956 1578 1013 1644 XI,
1027 1597 1050 1644 t,
1064 1578 1095 1632 ta
1107 1592 1134 1632 et
1145 1578 1195 1650 37,
1206 1579 1305 1652 quibus
1320 1593 1411 1634 tamen

342 1671 409 1722 locis
419 1677 562 1728 memorat,
575 1662 747 1716 Messalinam
756 1662 859 1733 nuptiis
870 1660 978 1714 demum
992 1663 1133 1717 celebratis
1146 1663 1175 1716 in
1188 1663 1284 1716 hortos
1293 1663 1355 1716 illos
1366 1662 1409 1715 di-

342 1769 472 1822 gressam,
487 1750 552 1816 etin
563 1749 596 1799 iis
612 1745 852 1800 interfectamease.
864 1746 1014 1799 Herminius
1022 1758 1127 1813 munet,
1139 1747 1221 1800 salem
1237 1747 1338 1800 habere
1348 1765 1410 1802 roc.

337 1839 442 1904 palam,
457 1845 630 1906 portamque,
645 1841 674 1882 ut
690 1827 851 1882 indomitam
868 1829 1019 1882 Messalinae
1031 1831 1173 1884 libidinem
1185 1844 1287 1893 ureret,
1302 1843 1411 1896 notare,

343 1937 403 1972 eam
420 1929 515 1970 contra
526 1932 629 1968 morem
641 1930 782 1966 muranum
797 1930 851 1965 non
865 1912 893 1964 in
906 1915 967 1964 lecto
977 1917 1093 1975 donno,
1113 1915 1160 1987 qui
1171 1914 1226 1968 fere
1238 1915 1265 1966 in
1278 1915 1347 1966 atrio
1358 1913 1410 1967 do-

344 2021 415 2066 mus,
433 2013 494 2054 ante
513 2000 598 2071 ipsam
607 2000 718 2070 januam
732 1997 863 2064 (adversus
875 1997 1002 2067 januam,
1015 1995 1114 2069 dequo
1126 1995 1188 2050 vide
1199 1997 1270 2068 Lips.
1281 1995 1365 2049 Elect.
1378 1997 1409 2062 1,

345 2089 412 2156 17),
428 2084 602 2146 statuebatur,
617 2078 664 2133 sed
675 2079 783 2150 publice
793 2079 821 2131 in
830 2077 915 2130 bortis
926 2078 1057 2150 pudorem
1068 2081 1251 2154 prostituisse,
1270 2079 1412 2154 obiterque

345 2169 384 2220 ita
406 2167 482 2238 tangi
499 2165 642 2218 mirificum
663 2161 834 2234 imperatoris
859 2159 949 2215 mariti
965 2173 1110 2236 stuporem.
1130 2162 1229 2216 Confer
1247 2162 1336 2216 Taciti
1357 2165 1412 2216 An-

346 2251 436 2316 nales,
455 2249 503 2303 lib.
523 2247 577 2313 xt,
600 2265 642 2317 ²7·

380 2427 449 2472 Van.
468 2423 527 2471 ³35.
547 2418 668 2478 Cernitur,
680 2433 696 2465 a
708 2435 742 2466 ns.
753 2434 792 2478 pr.

379 2516 448 2566 Nor.
468 2513 526 2566 3³5.
544 2513 625 2564 Poeta
642 2507 769 2569 nonsit,
788 2507 926 2576 antiquas.
943 2509 997 2560 sire
1014 2510 1082 2561 ritus
1097 2510 1219 2580 antiqui,
1239 2509 1316 2563 dotes
1327 2510 1411 2564 inisse

346 2599 425 2649 decies
442 2609 558 2654 cenunnr
577 2589 623 2644 sed
640 2599 716 2642 notat
727 2586 887 2641 invidiosam
900 2589 949 2641 illo
960 2609 1017 2644 aevo
1035 2594 1216 2645 Romanorum
1229 2595 1414 2665 opulentiam,

345 2696 404 2749 que
412 2688 516 2730 tanturn
524 2675 559 2726 ab
569 2671 678 2742 antiqua
687 2671 815 2722 tenuitate
824 2683 984 2734 recesserat,
1002 2682 1032 2723 ut
1041 2679 1118 2742 quasi
1130 2673 1247 2744 legitima
1258 2687 1285 2726 et
1294 2675 1414 2728 solennis

347 2760 451 2814 dotium
464 2775 565 2810 summa
579 2767 646 2809 esset
658 2751 746 2806 decies
758 2763 869 2802 centena
880 2753 979 2816 millia,
1000 2753 1107 2808 undeet
1118 2757 1218 2810 Seneca
1229 2774 1236 2808 :
1246 2763 1415 2811 Pantaenimoe

346 2847 425 2895 decies
433 2843 538 2919 senefio
547 2842 637 2890 nubunt
641 2857 653 2897 ,·
667 2835 766 2905 Rigalt.
782 2830 853 2886 vide
863 2833 899 2885 ad
911 2837 967 2902 vl,
983 2839 1039 2908 137.

381 2955 450 3006 Nor.
469 2950 528 3003 336.
548 2951 647 3015 Auspex
658 2943 837 2998 adhibebatur
847 2945 875 2996 in
886 2947 1000 3017 nuptiis,
1013 2959 1044 3000 ut
1055 2950 1241 3003 auctoritatem
1256 2951 1307 3003 iis*
1321 2951 1402 3006 daret
1407 3003 1415 3030 ‚

346 3048 372 3087 et
381 3053 429 3106 per
440 3053 500 3086 enm
511 3031 630 3102 auspicia
641 3028 772 3081 baberent
783 3045 896 3097 aponaus
906 3045 937 3080 ac
946 3048 1056 3100 aponsa;
1066 3052 1128 3085 nam
1138 3035 1293 3106 auspicato,
1306 3049 1336 3088 ut
1347 3039 1416 3102 alia,

347 3121 385 3178 sic
396 3136 502 3190 quoque
510 3116 680 3170 matrimonia
690 3113 928 3167 contrahebantur.
941 3118 1078 3170 Duratium
1089 3122 1151 3170 inter
1162 3122 1273 3186 auspices
1282 3125 1418 3190 remigum

347 3208 429 3267 batur,
441 3203 549 3254 Sueton.
562 3197 658 3252 Claud.
671 3201 703 3248 26
714 3197 798 3263 (cons.
809 3197 872 3248 Ern.
885 3197 960 3250 Clau.
971 3199 1027 3252 Cic.
1041 3220 1099 3254 voc.
1110 3207 1229 3268 Auspm
1239 3203 1305 3255 Tac.
1316 3205 1415 3258 dnnal.

347 3284 400 3348 XI,
413 3301 458 3352 s7;
473 3281 556 3342 XIII,
566 3281 624 3350 37).
636 3277 773 3330 Ciceronis
782 3289 869 3329 autern
876 3295 932 3329 savo
943 3297 985 3332 rea
994 3300 1048 3333 nou
1061 3283 1176 3355 amplius
1186 3284 1213 3334 in
1227 3303 1276 3336 usu
1286 3284 1352 3347 tuit,
1367 3287 1416 3341 sed

347 3385 444 3421 nomen
456 3377 568 3418 tantum.
585 3361 657 3413 Vide
670 3360 725 3412 Cic.
740 3357 774 3410 de
791 3360 852 3411 llis.
863 3360 878 3409 1
889 3399 897 3423 ,
910 3364 950 3412 16.
969 3393 1002 3403 -
1023 3369 1080 3416 Cum
1090 3370 1250 3434 signatoribus
1258 3368 1416 3422 tabularum

347 3449 428 3514 dotis,
437 3465 484 3500 seu
493 3443 668 3516 nuptialium,
679 3441 750 3494 inter
759 3459 827 3512 qnos
841 3441 929 3512 ipsum
938 3462 1045 3516 quoque
1055 3447 1199 3500 Claudium
1210 3449 1288 3502 luisse
1298 3451 1415 3521 quidam

308 3599 311 3608 ,
345 3545 482 3607 putarunt.
490 3560 526 3571 ·—
535 3531 692 3590 «ludricrum,
702 3523 823 3596 qnaaide
834 3524 966 3578 industria
976 3529 1164 3584 simularentur
1174 3533 1272 3603 nuptiae
1282 3533 1317 3585 ad
1332 3552 1412 3588 arer-
1502 3567 1503 3586 t

345 3618 454 3672 tendum
465 3613 732 3683 transferendumque
748 3611 895 3682 periculum
913 3611 987 3681 quod
1004 3614 1140 3668 imminere
1154 3617 1206 3688 ipai
1220 3635 1268 3688 per
1284 3618 1411 3688 quaedam
1502 3607 1503 3612 ¹

344 3713 446 3754 ostenta
461 3697 687 3770 portenderetur.·
706 3697 748 3746 lta
762 3695 834 3746 Suet.
848 3691 945 3745 Claud.
958 3711 998 3766 29.
1018 3697 1160 3750 Enimvero
1171 3699 1217 3751 ille
1229 3717 1283 3752 non
1295 3700 1411 3754 ultimus

380 3996 387 4020 ¹
407 3989 477 4036 cont.
495 3984 570 4035 ovid.
589 3988 646 4036 Am.
664 3990 718 4048 111,
740 4004 782 4048 11,
803 3991 850 4048 18ς
932 3997 942 4022 ²
960 3991 1018 4040 tid.
1033 3991 1127 4038 Ernesti
1144 3991 1211 4039 Clav.
1223 3992 1336 4042 Cicron.
1352 3999 1406 4042 Au·

342 4070 423 4114 llurm.
432 4066 464 4114 ad
476 4065 569 4114 Phsrdr.
580 4067 622 4122 tt,
634 4074 662 4124 4,
673 4075 702 4125 4;
714 4069 849 4117 Mitarherl.
893 4085 963 4133 sper,
976 4081 1000 4118 et
1010 4071 1073 4120 conl.
1085 4071 1162 4120 Taciti
1172 4072 1290 4134 Annales,
1300 4073 1342 4120 lib.
1359 4077 1407 4134 Xl,

340 4149 371 4196 ad
382 4147 465 4196 llorat.
480 4145 528 4194 Od.
540 4148 584 4206 IV,
598 4147 642 4206 1³,
654 4164 695 4195 no.
893 4166 947 4218 rap.
960 4166 1000 4212 ap.
