2992 4984
335 333 399 402 360
496 341 666 406 VARIAE
688 341 980 408 LECTIONES
1004 345 1065 408 ΕΤ
1090 342 1246 409 NOTAE

335 452 471 516 ἐφύλαττον.
485 452 611 508 ιΜανιιΙι
621 453 891 528 suffocari,perplexn
899 456 1090 509 scilicetmnnu
1099 459 1164 508 loem
1173 457 1344 508 ethisnteore
1351 475 1388 526 ptr

333 553 453 601 seorsum,
467 554 548 610 quam
559 551 590 591 ut
602 537 726 610 expedita
737 542 842 613 jactura
852 540 995 595 redimeret
1004 541 1088 596 vtum
1101 538 1252 594 natando.»
1265 539 1368 592 Hurnin.

371 681 438 728 Vn.
458 685 517 744 298.
536 680 676 750 disfecerit,
691 701 732 746 no,
748 701 789 744 nr,
802 701 843 746 27,
857 685 902 748 46,
916 694 956 748 47,
971 686 1012 749 48,
1029 685 1070 744 54.
1083 683 1233 752 Sufficerst,
1244 683 1286 731 23.

372 777 441 828 Vns.
461 793 519 841 ²99·
540 771 661 844 Volvsmt',
682 797 724 829 nn.

371 871 440 924 Nor.
460 889 520 940 ²99·
543 877 624 944 Tagus
644 887 670 927 et
690 878 819 935 Pactolus.
842 874 953 929 auriferi
972 875 1047 930 fluvii
1061 874 1243 948 Hispaninet
1255 871 1347 946 Lydis.
1364 907 1392 915 -

336 955 436 1020 stuta,
454 973 544 1008 aurea.

372 1099 440 1146 Vn.
458 1099 518 1147 300.
537 1099 682 1168 Ssffcimt,
699 1102 739 1149 ιθ.

373 1189 442 1242 Nor.
463 1191 524 1244 300.
543 1191 618 1246 Nudi
630 1205 692 1246 sunt
704 1192 846 1265 naufragi,
863 1194 942 1265 quia,
956 1207 985 1248 ut
1004 1194 1111 1248 facilius
1122 1205 1234 1257 natent,
1244 1204 1325 1245 vestes
1338 1190 1394 1260 abji-

338 1271 420 1324 ciunt.
431 1273 569 1346 Grang-
577 1275 705 1353 Sufficiens
714 1274 755 1328 illi
763 1282 845 1348 panni
854 1277 933 1342 viles,
943 1278 1042 1350 quibus
1051 1280 1158 1348 inguina
1164 1315 1174 1342 ,
1187 1293 1220 1328 ex
1232 1275 1393 1346 squamatim

341 1355 393 1408 uda
406 1360 552 1436 etfn'gs'da,
568 1364 670 1427 velare,
685 1373 773 1432 tegere
786 1374 812 1414 et
824 1361 986 1415 abscondere
1004 1362 1099 1434 possit
1112 1359 1184 1416 Lub.
1196 1373 1223 1414 et
1234 1359 1299 1412 Acb.

377 1505 445 1552 Vn.
466 1507 525 1554 301.
543 1503 792 1571 Exanguisque,1s.

373 1597 443 1650 Nor.
463 1599 525 1664 301,
539 1599 598 1653 ilos.
612 1600 667 1666 Qui
675 1599 818 1671 naufragio
830 1599 896 1652 olim
905 1601 949 1653 vel
958 1599 1012 1652 alio
1022 1599 1121 1672 insigni
1130 1597 1254 1672 periculo
1265 1605 1394 1657 asserent,

339 1680 472 1748 funestos,
487 1701 555 1755 quos
571 1685 703 1748 tulerant,
718 1701 810 1747 casus,
824 1701 858 1736 ue
874 1684 952 1736 toties
965 1701 1010 1736 eos
1021 1683 1119 1756 stipem
1133 1682 1289 1752 colligentes
1302 1695 1393 1730 narrare

340 1777 508 1834 cogerentur,
520 1777 547 1819 et
558 1767 686 1838 quoniam
698 1777 814 1820 mentem
824 1765 910 1836 magis
921 1765 1059 1831 afficiunt,
1073 1784 1135 1840 quse
1149 1765 1251 1828 oculis,
1263 1776 1394 1834 quamque

341 1847 451 1900 auribus
462 1850 644 1920 percipimus,
662 1851 773 1926 pingere
790 1862 817 1902 et
837 1849 953 1904 scribere
967 1850 1091 1903 solebant
1105 1850 1135 1901 in
1155 1847 1265 1908 tabulis,
1284 1863 1343 1916 quas
1352 1843 1394 1894 bu·

340 1931 419 1984 meris
432 1929 549 2003 primum
559 1933 689 1996 serebant,
699 1947 728 1986 et
737 1930 835 1986 deinde
846 1949 901 1984 uus
909 1951 971 1984 cum
981 1932 1158 1996 vestimentis,
1170 1949 1229 2002 qun
1238 1937 1395 1988 servaverant,

340 2027 469 2088 tanquam
479 2015 638 2086 intimata,
650 2017 679 2068 in
692 2017 793 2088 templo
806 2014 850 2068 dei
862 2021 982 2084 Σωτῆρος,
995 2015 1114 2085 Neptuni
1125 2015 1172 2066 vel
1185 2012 1263 2064 Isidis
1279 2023 1303 2063 et
1315 2013 1394 2062 necu-

341 2098 421 2170 lapii,
435 2098 767 2170 suspendebant.¹-Piesa
780 2110 936 2168 tempestate,
949 2097 1056 2169 pictura
1068 2095 1238 2168 tempestatis
1247 2089 1395 2161 etnauiragii

341 2201 368 2232 se
376 2193 464 2245 tuetur,
476 2181 559 2261 vitstm
571 2194 709 2236 sustentat.
764 2209 768 2218 ·

380 2275 450 2328 Nor.
471 2273 708 2358 303,*3ol.'Conl.
727 2278 933 2344 Horat.Sat.1,
949 2295 972 2344 ι,
989 2280 1023 2349 76
1036 2295 1091 2348 seq.
1106 2289 1133 2330 et
1148 2295 1209 2348 sup.
1221 2292 1257 2328 vs.
1272 2271 1322 2330 135,

378 2435 445 2482 Vn.
464 2435 523 2484 sos.
541 2433 662 2496 Peteliaes,
679 2444 720 2493 nt.
738 2435 811 2484 Dives
823 2437 912 2500 reponi
923 2435 1025 2498 jubebat
1041 2435 1133 2493 Curio,
1151 2444 1178 2481 et
1191 2430 1265 2481 armis
1277 2445 1319 2494 pro
1331 2425 1393 2474 lamis

344 2517 455 2568 Btitinn.
468 2527 496 2565 ut
508 2527 587 2566 metm
598 2518 777 2568 consuleretur.
791 2522 912 2568 Neutrum
927 2518 959 2565 iis
969 2518 1076 2566 venisset
1090 2517 1117 2565 in
1129 2527 1253 2577 mentem,
1266 2513 1311 2562 nisi
1322 2525 1394 2575 perpe·

345 2614 397 2649 ram
408 2601 439 2648 ds
452 2600 532 2648 larris
542 2601 647 2665 piscium
660 2601 815 2666 cogitassent.

379 2699 449 2764 Nor.
461 2692 520 2748 ³05.
530 2697 614 2746 Ham
621 2695 806 2758 instrumente,
815 2694 904 2762 σκάφη,
915 2691 950 2745 sd
957 2692 1082 2752 incendia
1090 2687 1285 2765 compescenda
1290 2683 1395 2740 hauries·

345 2781 462 2853 dantque
475 2797 573 2851 aquam
582 2783 592 2849 (
602 2791 632 2832 ut
643 2781 693 2850 οἶμη
706 2778 779 2851 apud
795 2780 865 2832 Plut.
877 2790 904 2831 et
918 2777 1034 2850 Hesycb.
1044 2779 1067 2846 ),
1079 2777 1123 2830 vel
1136 2796 1204 2830 vasa
1215 2791 1288 2846 nque
1296 2768 1395 2836 acetique

344 2865 437 2937 plena,
452 2863 551 2942 qulbus
564 2863 709 2916 utebantur
722 2863 843 2934 Vigiles,
862 2879 977 2933 qnorum
996 2860 1120 2914 cohortes
1133 2859 1263 2932 septem(
1275 2851 1339 2906 unde
1352 2850 1393 2902 hoc

345 2949 407 3002 loco
417 2951 537 2998 echonem
548 2965 683 3010 servorum,
694 2945 768 3018 quod
781 2956 910 3018 preterea
922 2943 960 2997 ad
972 2943 1108 2996 luxuriam
1121 2945 1302 2996 Romanorum
1312 2941 1394 3006 spectat

345 3045 372 3086 et
389 3047 540 3094 servorum,
556 3029 602 3100 qui
613 3048 630 3083 ι
644 3027 788 3082 ditioribus
800 3027 951 3090 alebantur,
968 3024 1170 3079 multitudinem
1180 3028 1190 3092 )
1200 3018 1322 3077 incendiis
1335 3032 1393 3066 coer·

345 3113 437 3168 cendit
446 3115 581 3184 Angustus
593 3112 751 3165 institueret.
765 3112 850 3164 Vetus
863 3111 955 3164 Sobel.
967 3111 1038 3163 «Per
1052 3110 1255 3162 translationem
1266 3098 1392 3171 disciplinv

344 3195 469 3250 militaris
485 3193 685 3266 Sparteolorum
697 3197 801 3260 Rome,
815 3213 931 3272 quorum
942 3193 1066 3252 cobortes
1082 3193 1110 3244 in
1126 3193 1240 3249 tutelam
1250 3184 1327 3241 Urbis
1345 3196 1392 3232 cnm

344 3278 448 3344 hemis,
462 3290 560 3330 etcum
571 3277 755 3348 aquavigilius
769 3297 862 3332 curare
875 3291 1038 3332 consuerunt
1047 3278 1161 3330 vicibus.
1171 3303 1182 3322 ι
1190 3278 1261 3329 Vasa
1270 3281 1348 3324 nutem
1356 3262 1392 3354 illa

346 3384 401 3420 nou
414 3383 430 3418 a
441 3363 576 3435 vigilibus
590 3361 706 3416 incendii
718 3363 904 3436 exstinguendi
918 3381 1009 3417 caussa
1022 3361 1203 3434 quarisnocte
1212 3353 1355 3412 circumlata
1363 3363 1391 3398 u·

348 3448 453 3512 dentur,
464 3463 522 3530 gun
531 3443 660 3498 brissonii
670 3445 680 3514 (
689 3445 779 3518 Antiq.
790 3448 879 3501 select.
890 3446 935 3513 ΙΙ,
946 3448 979 3513 8)
989 3445 1158 3517 aliorumque
1171 3438 1296 3497 sententia
1304 3445 1345 3494 est,
1354 3425 1389 3482 ted

769 3583 997 3610 mmmmm

387 3710 394 3735 ¹
415 3705 487 3754 Corsi.
498 3705 563 3763 llll,
579 3718 621 3770 27,
633 3702 767 3763 2838trab.
783 3705 857 3762 VIII,
903 3714 967 3753 etam
976 3719 1029 3752 non
1037 3702 1170 3752 habuerint
1179 3701 1294 3756 tabulam,
1304 3700 1386 3741 mmm

348 3799 404 3848 pag.
425 3783 487 3840 3603
506 3785 591 3832 llorst.
605 3784 660 3831 Art.
672 3785 739 3831 Post.
757 3797 789 3830 no
806 3797 858 3848 seq.
904 3793 1008 3848 gestasse
1029 3783 1108 3831 fasciis
1124 3782 1259 3832 involutum
1279 3777 1389 3823 bnunrn·
1462 3835 1463 3840 1

349 3864 432 3926 lisyn.
441 3860 473 3908 td
485 3861 577 3911 'libuli
588 3865 615 3922 1,
629 3863 652 3923 3,
667 3877 711 3923 ης
721 3862 858 3912 Mitscherl.
904 3878 952 3925 que
968 3879 1037 3910 snam
1049 3877 1177 3922 nst-rasse,
1190 3877 1239 3927 qno
1251 3855 1316 3906 refert
1329 3843 1387 3893 verb*

349 3941 382 3991 sd
394 3943 480 3989 Horat.
492 3941 857 4006 0d.1,5,t3seq.stintpp.
904 3941 1009 3990 Martiul
1027 3927 1387 4004 x11‚57,12..ttectnei·¹⁰
1462 3987 1463 3990 Ἴ

349 4025 417 4070 Pm-
434 4024 462 4077 1,
482 4021 530 4081 ⁸93
547 4022 600 4081 VI,
618 4023 659 4070 3².
676 4023 808 4086 Grsngoens
827 4021 860 4069 nd
903 4024 1036 4086 naufragus
1049 4021 1142 4084 loquax
1159 4031 1271 4070 truncu-
1288 4038 1318 4052 -·
1335 3996 1384 4050 Vidi

350 4102 418 4150 buno
434 4099 515 4148 locum
532 4099 642 4161 adnotat,
657 4115 713 4160 eos,
726 4102 770 4163 qni
788 4101 859 4165 depi·
905 4117 957 4164 qnae
966 4101 1073 4152 Cramer.
1082 4111 1197 4160 annotat,
1207 4115 1259 4166 pag.
1268 4092 1320 4150 534·
1331 4087 1366 4133 Εὖ
