3036 4984
382 437 426 522 98
540 429 712 498 VARIAE
734 429 1027 500 LECTIONES
1050 429 1114 494 ΕΤ
1137 429 1289 494 NOTAE
1316 372 1318 376 Ι

417 548 486 602 Nos.
508 549 566 601 1²6.
583 549 667 606 utum,
685 541 905 608 Demosthenem,
919 543 980 614 qni,
994 561 1029 597 ne
1043 543 1185 616 Antipatro
1199 541 1362 607 traderetur,
1376 559 1453 595 vene·

381 651 445 686 num
462 630 560 683 hausit.
840 620 844 649 ¹

416 727 485 780 Nor.
507 743 565 794 say.
583 725 685 786 Exitus,
703 720 764 774 linis
779 721 880 774 scilicet
893 720 967 786 vitae,
978 734 1010 774 nt
1024 719 1096 795 apud
1109 723 1214 776 Lucret.
1228 723 1287 784 Ill,
1303 739 1380 790 ¹099·

414 823 483 876 Nor.
506 821 563 874 rab.
583 820 715 873 Praeclara
725 829 751 871 et
760 821 833 891 justa
844 817 904 869 lans
914 817 1109 872 Demosthenis.
1123 823 1270 883 Torrentem,
1278 816 1340 872 vide
1352 815 1388 870 ad
1399 816 1452 882 ΠΙ,

377 909 629 978 74.-Μοᾱινωιιεοι
635 903 716 972 frena
727 904 824 965 theatri,
835 901 1006 953 Athenienses
1017 901 1045 953 in
1056 901 1250 966 concionibus,
1261 919 1316 972 qno
1326 899 1452 963 volebat,

377 989 526 1044 flectentem
537 985 714 1057 :metaphora
727 983 865 1056 hequem,
881 985 964 1054 petita
977 984 1012 1036 ab
1024 985 1117 1056 eqnis,
1128 986 1174 1057 qui
1188 985 1269 1039 frenis
1280 985 1324 1038 vel
1334 983 1450 1036 habenis

377 1072 528 1126 fleetuntur.
538 1099 573 1110 -
582 1070 710 1119 Tlectmm
722 1077 810 1120 antem
825 1067 924 1140 passim
935 1069 1029 1122 concio
1042 1069 1138 1142 populi
1153 1067 1260 1132 dicitnr,
1272 1067 1401 1142 qnoniam
1413 1067 1451 1118 ibi

378 1157 532 1210 consultare
545 1152 646 1206 Graecis
657 1169 716 1204 mos
731 1161 815 1205 erat.¹
868 1142 874 1154 ⁸

412 1255 480 1307 Nor,
503 1269 551 1320 ¹²9
562 1268 618 1322 aeq.
638 1249 756 1300 Fortuna
768 1247 881 1302 adversa
901 1249 939 1302 ita
956 1249 1033 1310 tulit.
1054 1262 1085 1303 ut
1101 1249 1264 1304 clarissimus
1276 1261 1369 1302 orator
1387 1267 1450 1302 era·

377 1337 453 1391 deret
465 1334 670 1396 Demosthenes,
690 1331 737 1403 qni
762 1331 848 1384 multo
868 1332 973 1385 felicior
993 1331 1100 1399 fuisset,
1118 1334 1141 1386 si
1158 1333 1243 1406 patris
1258 1331 1450 1404 frequentasset

375 1421 585 1484 officinam,non
595 1416 700 1471 scholas
708 1416 860 1476 rhetorum
871 1416 893 1468 si
903 1415 980 1470 faber
990 1416 1098 1470 erarius
1110 1415 1212 1481 luisset,
1220 1435 1276 1469 non
1286 1428 1387 1469 orator.
1396 1417 1450 1467 Diis

375 1509 483 1559 aduersis
498 1507 548 1574 (ut
559 1503 625 1556 alibi
637 1503 725 1571 iratis)
737 1503 836 1570 genitus
842 1503 951 1570 fineque
963 1503 1072 1567 sinistro,
1084 1513 1115 1554 nt
1131 1498 1206 1573 apud
1217 1505 1287 1553 Pers.
1303 1501 1356 1566 IV,
1368 1517 1413 1569 ²7,
1423 1510 1450 1551 et

377 1593 472 1644 Horat.
489 1589 544 1642 Sat.
564 1589 650 1652 11,3‚
665 1585 697 1648 8,
718 1585 881 1656 123;lI,7,
897 1590 938 1647 rt.

409 1691 477 1744 Nor.
498 1689 547 1742 130
556 1705 611 1758 seq.
631 1684 709 1739 ConI.
721 1685 807 1749 XIII,
823 1689 873 1751 44,
883 1683 930 1747 45,
941 1683 1034 1758 ibique
1045 1696 1100 1737 not.
1111 1689 1192 1736 Pater
1199 1679 1388 1737 Demosthenis
1398 1679 1451 1731 luit

374 1775 451 1828 faber
462 1771 580 1833 serarius,
591 1770 648 1833 vel,
659 1780 690 1821 ut
700 1768 860 1822 Plutarchus
870 1767 915 1838 (in
923 1767 990 1821 Vita
1000 1767 1139 1821 Demosth.
1148 1767 1220 1840 Opp.
1231 1779 1295 1819 tom.
1305 1767 1332 1825 I,
1345 1784 1373 1836 p.
1385 1763 1448 1833 857.

373 1859 417 1914 Cf.
432 1857 497 1911 edit.
514 1853 662 1922 Francos.)
675 1849 771 1912 tradit,
784 1848 811 1907 ἦν
824 1851 866 1921 piu
879 1857 926 1901 τῶν
939 1857 1020 1902 καλῶν
1034 1850 1076 1902 itai
1092 1850 1190 1923 ἀγαθῶν
1202 1847 1303 1920 ἀνδρῶν,
1318 1851 1349 1906 ὥς
1362 1849 1449 1916 ἱστορεῖ

371 1943 523 2010 θιόπομπος·
539 1938 678 1989 ἰπιιαλιῐτο
699 1931 727 1985 ‹lt
746 1934 941 2004 Μαχαιροποιὸς,
959 1933 1113 2006 ἐργαστήριον
1132 1937 1193 2001 ἔχων
1211 1935 1278 2006 μέγα
1292 1931 1333 1983 καὶ
1349 1927 1448 1988 δούλους

371 2024 557 2092 equitatuum
570 2019 728 2089 πρέποντος.
740 2015 838 2068 Eidem
853 2029 941 2068 tamen
954 2015 977 2068 si
986 2016 1053 2070 fides
1064 2017 1206 2080 habenda,
1218 2027 1325 2069 mortuo
1336 2012 1446 2066 demum

370 2119 446 2179 patre
458 2104 529 2157 lilius
543 2100 578 2156 ad
591 2102 726 2154 rhetorem
743 2117 758 2150 a
775 2109 860 2150 matre
871 2097 968 2150 missus
982 2111 1031 2150 est,
1047 2099 1123 2152 Idem
1141 2098 1359 2170 traduntIValer.
1371 2097 1445 2151 Max.

371 2191 429 2255 111,
441 2194 472 2252 4,
483 2200 535 2240 ext.
550 2205 578 2252 a,
592 2196 618 2238 et
632 2183 726 2237 Sidon.
744 2182 786 2244 11,
796 2179 834 2234 ,23
849 2193 875 2232 et
892 2181 949 2232 188.
961 2211 995 2220 —
1006 2183 1212 2251 lippussuligine
1224 2184 1331 2232 ardentis
1344 2202 1445 2242 massoe;

370 2293 433 2328 narn
444 2271 587 2345 -opilioes,
597 2288 645 2341 per
656 2285 771 2339 quornm
783 2283 877 2317 manua
891 2263 980 2317 sterile
992 2276 1068 2316 terre
1079 2283 1162 2336 genus
1175 2278 1202 2318 et
1211 2263 1325 2318 informe
1335 2284 1447 2338 perpur-

370 2371 457 2429 gatnr,
477 2356 562 2408 multa
577 2352 691 2423 fuligine
703 2351 871 2412 oblinuntur,
881 2373 892 2392 ι
904 2360 933 2399 nt
946 2359 1007 2399 utar
1020 2347 1109 2400 verbis
1122 2347 1184 2402 Sen.
1198 2347 1281 2418 Epist.
1294 2353 1336 2414 pl.

404 2501 474 2550 Vsa.
495 2501 553 2548 131.
571 2495 712 2560 Foreips'bus
722 2489 967 2560 (qnasifhricrpibua,
976 2491 1182 2550 Heransnchmer,
1191 2492 1302 2556 Zangen,
1311 2491 1442 2558 Pelicane)

370 2595 433 2633 recte
445 2599 545 2640 omnes,
563 2595 626 2644 qnos
638 2577 705 2636 virli,
719 2575 792 2634 libri,
804 2589 856 2621 non
867 2571 1005 2640 forficibus,
1020 2575 1088 2639 qnod
1103 2576 1192 2638 passim
1207 2575 1371 2623 substituitur.
1382 2577 1441 2626 rid.

369 2670 456 2718 Helm.
468 2667 500 2715 sal
511 2663 587 2714 osiel.
603 2663 705 2710 Metam.
718 2661 771 2718 Vl,
784 2657 851 2714 556,
868 2657 899 2704 ud
912 2657 997 2720 Virgil.
1013 2657 1109 2706 AEneitl.
1126 2659 1200 2716 vl11,
1215 2659 1280 2714 453;
1296 2659 1364 2716 xtt,
1377 2669 1443 2720 tom

341 2730 346 2740 ι
369 2749 485 2801 Oudend.
496 2747 527 2796 asl
536 2749 603 2794 Suet.
616 2746 681 2808 Aug.
693 2741 724 2804 75
734 2779 740 2800 ,
749 2752 774 2788 et
783 2739 899 2802 Dbttiger.
911 2741 938 2786 in
947 2739 1034 2787 Sabina
1044 2778 1050 2802 ,
1064 2757 1119 2806 pag.
1131 2742 1192 2804 267,
1201 2742 1265 2803 268,
1276 2741 1315 2790 ed.
1324 2759 1363 2806 pr.

404 2847 473 2899 Nor.
495 2841 552 2896 131.
572 2841 610 2892 Ab
622 2836 731 2890 ollicios
743 2833 854 2887 ferraria
868 2831 903 2884 ad
915 2833 1020 2887 scholas
1031 2835 1168 2889 rhetorum
1179 2850 1255 2908 pater
1264 2836 1350 2890 filium
1363 2823 1443 2902 misit,

368 2928 454 2982 uthis
467 2925 587 2979 animum
600 2939 654 2974 non
669 2917 705 2971 ad
720 2931 803 2971 artem
817 2934 900 2988 qnam
918 2917 974 2989 ipse
989 2917 1136 2983 tractabat,
1149 2917 1196 2971 sed
1208 2917 1244 2972 ad
1257 2917 1378 2973 studium
1389 2923 1442 2975 elo·

366 3013 482 3086 quentin
503 3009 661 3082 appelleret.

404 3159 470 3204 Vas.
493 3155 549 3202 132.
568 3153 597 3199 Iu
612 3152 686 3207 luteo,
699 3151 741 3196 68.
752 3150 823 3205 Dete,
833 3149 880 3207 ot,
892 3147 938 3208 73,
950 3163 981 3195 cx
991 3147 1088 3195 emend.
1099 3149 1207 3197 lla-itanu.
1219 3159 1243 3197 et
1254 3149 1284 3196 al.
1294 3159 1321 3198 nt
1332 3151 1365 3198 ait
1375 3151 1442 3202 ltlern

367 3238 523 3304 quoduam,
536 3235 615 3299 prima
624 3233 679 3298 syll.
689 3233 777 3295 longa,
791 3241 814 3277 et
824 3231 859 3277 eie
870 3241 949 3279 metro
960 3230 1109 3281 consulatur.
1119 3233 1153 3280 At
1163 3231 1220 3280 risle
1229 3233 1368 3283 Commeat.
1380 3237 1444 3283 Tuto

368 3325 393 3372 V
391 3321 479 3370 nisano
489 3319 554 3378 conj.
566 3319 580 3364 J
583 3315 655 3364 aoobs
664 3313 720 3362 coll.
731 3312 859 3362 Clandlan.
869 3313 896 3359 ln
906 3313 1008 3378 Eutrop.
1021 3315 1061 3374 ll,
1074 3316 1125 3370 456
1135 3331 1185 3380 aeq.
1195 3315 1253 3378 qnia
1262 3323 1337 3363 tutam
1348 3329 1443 3380 artem,

366 3423 467 3472 quaque
478 3403 542 3452 nihil
551 3402 687 3450 minaretur
695 3397 812 3463 periculi,
822 3397 959 3444 exercuerit
968 3398 1141 3446 Demosthenis
1151 3409 1226 3464 pater.
1235 3409 1259 3447 et
1267 3411 1352 3448 contra
1362 3401 1444 3466 lilius,

364 3502 414 3540 tuto
427 3489 537 3537 Vulcano
550 3486 642 3543 relicto,
654 3484 686 3531 ad
695 3485 819 3531 rhetorem
831 3483 935 3543 misens,
945 3494 995 3530 arte
1007 3483 1060 3544 illa,
1073 3484 1139 3531 unde
1152 3484 1199 3531 sibi
1210 3485 1308 3548 petierit
1319 3486 1443 3551 gloriam,

366 3576 452 3623 misere
462 3571 570 3638 perierit.
579 3567 687 3631 Quidam
697 3566 759 3614 male
768 3566 845 3614 colori
855 3567 919 3614 luteo
930 3565 1069 3614 attribuunt
1077 3565 1141 3614 hano
1148 3583 1249 3625 vocem,
1259 3583 1332 3630 qnam
1342 3585 1443 3619 aurora·

785 3737 1015 3757 ἎὶΙΜὶἊΜἎὶ

401 3875 409 3899 ¹
431 3865 494 3914 Vitle
510 3863 606 3912 Ernesti
617 3864 678 3912 clav.
695 3863 746 3912 Cio.
764 3864 873 3927 lipsium
919 3866 1067 3927 multumne,
1084 3870 1131 3916 Sen
1150 3869 1244 3917 luscum
1261 3881 1388 3934 raperetur
1409 3873 1439 3920 in

363 3947 394 3996 ad
407 3945 483 3995 Tacit.
499 3945 563 3994 llist.
581 3947 620 4005 lI,
634 3945 681 4002 80,
696 3953 719 3990 et
734 3943 874 3991 Barlaami
918 3946 1078 4012 Philippum,
1097 3949 1200 3997 &usam
1220 3965 1262 3998 seu
1286 3950 1439 4014 Ctesiphon.

361 4029 437 4078 Coru.
446 4026 508 4088 Nep.
518 4025 606 4072 Timol.
615 4041 637 4073 c.
648 4033 672 4080 4.
681 4023 746 4070 llinc
754 4033 778 4070 et
787 4023 874 4072 Sidon.
919 4025 949 4072 tia
960 4028 1084 4085 actitaret,
1103 4027 1148 4075 Vir
1161 4043 1258 4091 semper
1270 4028 1438 4092 populas-iture

361 4106 522 4164 lihllxlll,
541 4105 589 4152 136
608 4119 658 4166 seq.
674 4103 746 4164 «Qui
764 4099 874 4152 Pandio·
920 4119 1046 4164 crescens,
1068 4105 1097 4152 Et
1110 4107 1175 4166 juste
1198 4107 1310 4156 residem
1331 4108 1359 4156 in
1377 4125 1437 4158 περ

361 4187 428 4237 ttiarn
440 4185 555 4234 movebat
564 4195 614 4232 arte
625 4186 715 4231 Orator
727 4198 824 4230 caveam
835 4194 874 4231 tn·
920 4183 997 4232 fundi.
1008 4207 1020 4225 ι
