3042 4984
350 362 415 441 dod
460 365 501 428 D.
516 367 542 429 J.
557 365 790 432 JUVENALIS
803 368 959 433 snrtttn
972 368 1140 434 DECIMA
1152 367 1302 434 SEXTA.

347 479 569 561 Sternuntur;
583 481 652 574 jam
669 480 816 550 facundo
831 498 979 575 ponente
993 481 1143 554 lacernas
1374 491 1402 556 ⁴5

348 587 515 668 Credicio,
532 603 566 658 et
580 593 686 659 Fusco
697 591 766 682 jam
782 592 1011 676 micturiente,
1028 595 1136 686 parati

347 696 575 789 Digredimur,
590 699 744 793 lentaque
758 699 825 768 fori
837 725 1027 796 pugnamus
1037 727 1150 772 arena.

347 807 408 874 Ast
421 805 499 892 illis,
517 834 602 903 quos
615 834 708 880 arma
724 823 843 904 tegunt
855 826 889 880 et
902 808 1030 880 balteus
1041 814 1162 897 ambit,

347 915 449 1005 Quod
465 916 624 1015 placitum
641 935 692 989 est
708 919 803 1012 ipsis,
823 937 999 1016 prestatur
1015 937 1146 1016 tempus
1159 921 1293 1016 agendi,

347 1025 420 1094 Nec
435 1051 487 1096 res
503 1030 657 1098 atteritur
671 1027 774 1124 longo
788 1030 977 1102 sufflamine
990 1031 1065 1101 litis.
1376 1038 1405 1090 ⁵⁰

394 1132 479 1204 Solis
493 1152 650 1230 praeterea
666 1140 810 1209 testandi
829 1141 992 1212 militibus
1005 1144 1062 1238 jus

347 1243 437 1313 Vivo
451 1260 546 1340 patre
559 1247 659 1316 datur
673 1272 681 1318 :
701 1273 794 1334 nam,
814 1275 888 1345 quae
905 1265 983 1320 sunt
997 1266 1092 1345 parta
1105 1249 1220 1320 labore

348 1352 493 1440 Militiae,
514 1357 638 1450 placuit
656 1383 726 1427 non
743 1385 812 1428 esse
831 1361 1027 1456 incorpore
1040 1386 1174 1446 census,

347 1465 459 1532 Omne
475 1479 567 1535 tenet
584 1468 680 1560 cujus
696 1469 843 1562 regimen
859 1484 954 1563 pater
968 1497 976 1539 ε
990 1495 1070 1564 ergo
1086 1473 1278 1554 Coranum,

349 1575 529 1670 Signorum
546 1578 700 1648 comitem
715 1594 966 1674 castrorumque
981 1605 1048 1650 aera
1061 1594 1265 1665 merentem,
1376 1587 1404 1642 ⁵5

347 1688 510 1776 Quamvis
520 1690 590 1783 jam
604 1689 781 1775 tremulus,
801 1706 912 1784 captat
928 1706 1031 1784 pater.
1047 1693 1148 1758 Hunc
1161 1685 1257 1756 labor
1270 1709 1380 1780 aequus

347 1799 527 1895 Prouehit,
545 1814 578 1869 et
595 1797 737 1894 pulchro
752 1801 859 1870 reddit
873 1825 931 1869 sua
944 1800 1033 1869 dona
1048 1798 1167 1870 labori.

349 1909 459 2002 Ipsius
474 1923 562 1978 certe
577 1908 673 1979 ducis
685 1911 752 1980 hoc
766 1909 893 1981 referre
909 1908 1054 1993 videtur,

223 2063 234 2086 .
348 2009 413 2104 Ut,
433 2019 491 2112 qui
509 2017 704 2104 surriserit,
723 2021 765 2089 sit
779 2018 989 2088 felicissimus
1003 2016 1110 2102 idem;

348 2127 397 2194 Ut
410 2125 476 2196 laeti
489 2127 633 2221 phaleris
646 2153 780 2216 omnes,
794 2143 828 2200 et
843 2128 1018 2222 torquibus
1033 2149 1148 2195 omnes
1376 2133 1404 2183 ⁶0

350 2432 443 2488 Modo
465 2431 606 2489 subselliis
624 2433 816 2508 imponuntur
836 2437 975 2492 duntaxat
993 2443 1101 2510 tapetes
1120 2453 1127 2488 ε
1148 2429 1239 2488 modo
1260 2427 1404 2498 Caedicius,

350 2524 489 2597 eloquens
504 2523 552 2579 ill'e
567 2534 723 2598 patronus,
738 2527 851 2583 lacerna
863 2527 1007 2601 deposita,
1022 2544 1052 2583 se
1062 2523 1100 2581 ad
1114 2521 1309 2600 perorandum
1320 2521 1405 2577 accin-

348 2615 405 2694 εἰη
421 2613 510 2672 modo
525 2616 631 2672 Fuscus
643 2615 678 2672 nd
691 2617 864 2674 mittendum
877 2614 980 2674 lotium
993 2615 1114 2674 discedit
1126 2637 1133 2673 :
1145 2614 1296 2670 aderamus
1309 2611 1405 2687 parati,

349 2706 514 2765 abeundum
527 2727 534 2762 ε
547 2706 587 2762 sic
602 2707 632 2762 in
648 2727 678 2763 ea
693 2727 776 2764 arena
791 2709 867 2765 lente
879 2709 914 2766 lis
928 2709 1060 2765 inchoata
1075 2707 1261 2783 disceptatur.
1276 2706 1334 2764 illis
1344 2723 1405 2760 vero
1481 2777 1482 2794 Χ

349 2801 401 2878 qui
421 2802 518 2857 balteo
541 2811 569 2857 et
585 2801 672 2859 armis
695 2801 820 2879 insignes
840 2813 922 2874 sunt,
941 2801 1126 2860 commodum
1146 2801 1351 2876 quodcumque
1368 2797 1406 2855 di·
1481 2847 1482 2850 ,

350 2892 446 2949 cendae
461 2910 562 2948 caussae
579 2903 705 2967 tempus,
719 2905 752 2948 ut
769 2894 872 2950 volunt
880 2935 889 2964 ,
903 2893 1082 2963 conceditur,
1094 2913 1147 2950 nec
1158 2911 1221 2950 sime
1233 2911 1303 2969 opes
1314 2889 1405 2968 dilapi-
1481 2957 1482 2976 Χ

350 2983 421 3040 daut
433 2983 570 3040 damnosa
586 2983 680 3040 litium
696 2983 886 3042 diuturnitate
901 3005 934 3042 ac
947 3005 1039 3043 mora.
1161 3033 1166 3044 .
1481 3053 1482 3066 2

390 3075 436 3134 51.
458 3079 522 3135 Huc
533 3077 624 3148 adde,
636 3077 793 3154 quodsolis
802 3079 943 3137 militibus
952 3081 1047 3151 datur,
1059 3091 1093 3137 ut
1103 3079 1220 3136 vivente
1230 3078 1325 3135 adhuc
1335 3087 1406 3153 patre

350 3171 476 3228 condere
490 3181 692 3228 testamentum
707 3173 832 3247 possint,
846 3173 886 3230 sic
900 3173 975 3229 enim
990 3173 1101 3250 legibus
1112 3182 1228 3228 cautum
1240 3181 1292 3243 est,
1302 3181 1334 3228 nt
1343 3171 1406 3226 hona
1481 3167 1482 3226 l

350 3283 413 3342 quae
432 3263 543 3320 bellicis
561 3263 710 3321 laboribus
725 3275 792 3321 sunt
805 3265 943 3340 acquisitu
955 3285 1014 3322 non
1028 3275 1197 3322 censeantur
1211 3281 1271 3320 esse
1285 3261 1322 3320 e'x
1337 3271 1406 3338 parte

349 3355 534 3432 patrimonii,
558 3375 653 3431 neque
678 3357 710 3413 in
732 3357 767 3415 iis
790 3358 873 3415 bonis
895 3369 1085 3415 numerentur
1108 3373 1233 3432 quorum
1257 3354 1406 3412 dominium

349 3465 437 3522 penes
450 3447 547 3504 militis
560 3458 673 3523 patrem
691 3461 740 3506 est.
756 3450 856 3525 Itaque
872 3463 955 3526 pater
968 3450 1074 3507 Corani
1088 3447 1228 3523 stipendia
1247 3447 1372 3504 facientis
1383 3454 1406 3501 et

348 3537 517 3613 intersigna
531 3537 662 3614 degentis
681 3538 741 3608 illi,
759 3541 889 3614 quamvis
906 3541 966 3614 jam
984 3540 1097 3610 senior,
1113 3537 1280 3607 blanditor,
1303 3537 1407 3612 ejusque

349 3642 444 3707 captat
455 3629 652 3687 hereditatem.
674 3631 804 3688 Coranus
817 3631 934 3688 interim
947 3631 1075 3688 honestis
1092 3629 1201 3687 militia
1220 3628 1366 3685 laboribus
1377 3623 1407 3680 ad

349 3724 476 3781 honores
495 3733 702 3799 promovetur,
721 3734 751 3780 et
769 3723 975 3798 amplissimum
989 3741 1084 3800 operae
1100 3721 1227 3798 pretium
1240 3720 1306 3777 fert.
1327 3718 1407 3794 Ipsius

349 3814 457 3872 scilicet
467 3814 649 3890 imperatorie
663 3813 761 3884 refert,
776 3825 809 3871 ut
823 3814 874 3890 qui
883 3815 992 3872 virtute
1005 3833 1037 3870 ac
1048 3811 1221 3870 tortitudine
1234 3807 1336 3867 ceteris
1343 3825 1407 3883 pne·

349 3917 417 3976 stat,
437 3903 515 3962 idem
529 3907 565 3966 sit
573 3905 752 3966 felicissimus
766 3918 795 3964 et
805 3907 1007 3983 pulcherrimis
1020 3905 1145 3983 praemiis
1158 3905 1368 3972 cohonestetur,
1383 3909 1407 3954 et

350 4017 448 4054 omnes
458 4001 566 4056 strenui
576 3999 680 4058 milites
692 4001 852 4077 torquibus,
859 4002 992 4078 phaleris,
1004 4021 1036 4060 nc
1044 3999 1146 4060 ceteris
1156 3997 1331 4058 ornamentis
1340 3991 1406 4053 mih’-

350 4089 395 4147 tiae
405 4089 579 4150 decorentur
580 4132 677 4150 .......
1292 4089 1294 4094 ’

775 4247 1001 4266 q-——nn———u-
