2992 4984
340 458 402 523 308
614 459 652 522 D.
683 457 819 523 JUNIl
849 457 1132 522 JUVENALlS

337 575 421 642 Mox
434 557 628 667 aequilendi
643 573 742 642 dooet
757 569 939 640 insatiabile
954 586 1079 639 votum.
1363 583 1405 634 ηε

337 684 519 755 Servorum
532 697 663 752 ventres
676 681 791 751 modio
807 679 945 775 castigat
958 681 1092 774 iniquo,
1283 769 1286 773 ι

337 797 413 888 lpse
424 818 556 888 quoque
567 793 713 862 esuriens
724 817 732 859 :
745 816 855 886 neque
868 791 958 859 enim
970 791 1083 858 omnia
1097 792 1238 860 sustinet
1252 811 1404 882 umquam

337 902 477 972 Mucida
495 900 624 972 caerulei
643 902 738 996 panis
757 925 957 970 consumere
972 902 1094 988 frusta,

338 1016 543 1082 Hesternum
557 1011 670 1081 solitus
687 1011 800 1080 medio
817 1036 951 1080 servare
964 1010 1106 1081 minutal

337 1123 553 1216 Septembri:
574 1145 724 1190 necnon
741 1119 878 1190 differre
897 1122 932 1190 in
952 1137 1103 1217 tempora
1118 1147 1220 1191 coenrc
1364 1137 1406 1189 130

337 1231 484 1302 Alterius
499 1231 663 1302 conchem
679 1230 826 1299 aestivam
841 1256 920 1300 cum
934 1248 1028 1326 parte
1042 1231 1156 1301 lacerti

336 1343 525 1436 Signatum,
546 1339 596 1410 vel
612 1338 751 1409 dimidio
765 1341 923 1436 putrique
937 1340 1060 1429 siluro,

336 1453 473 1548 Filaque
487 1453 604 1523 sectivi
617 1466 790 1520 numerata
805 1449 975 1520 includere
989 1451 1093 1546 porri.

338 1565 503 1636 Invitatus
519 1564 562 1632 ad
580 1564 653 1633 haec
671 1561 792 1656 aliquis
810 1563 850 1632 de
864 1579 967 1656 ponte
982 1561 1127 1658 negabit.

338 1675 405 1746 Sed
419 1698 487 1769 quo
503 1674 635 1743 divitias
651 1675 724 1744 hoec
742 1698 803 1767 per
820 1687 985 1742 tormenta
999 1686 1145 1754 coactam,
1361 1686 1405 1738 135

338 1785 456 1874 Quum
470 1785 566 1855 suror
583 1786 673 1854 haud
689 1785 828 1871 dubius,
847 1810 952 1879 quum
966 1784 1008 1852 sit
1024 1781 1199 1852 manifesta
1216 1783 1395 1876 phrenesis,

339 1897 388 1966 Ut
404 1894 550 1990 locuples
568 1897 741 1983 moriaris,
759 1894 886 1990 egentis
904 1895 1018 1962 vivere
1036 1891 1129 1961 fato?

338 2011 473 2076 Interea
488 2005 590 2100 pleno
605 2030 710 2100 quum
725 2020 838 2100 turget
852 2001 1005 2073 sacculus
1020 2027 1096 2088 ore,

339 2117 468 2192 Crescit
485 2141 580 2185 amor
596 2117 708 2203 numi,
721 2129 885 2208 quantum
903 2115 976 2208 ipsa
992 2112 1136 2207 pecunia
1152 2111 1275 2199 crevit;

339 2228 383 2295 Et
396 2227 508 2296 minus
520 2225 609 2294 hanc
628 2239 739 2318 optat,
754 2225 897 2318 quinon
912 2224 1035 2292 habet:
1056 2247 1137 2316 ergo
1152 2237 1288 2316 paratur
1362 2245 1414 2300 140

341 2494 505 2552 rudimenta
525 2505 593 2551 suut
613 2491 773 2563 nonnulla,
796 2491 901 2566 quibus
922 2490 1030 2546 tirones
1055 2487 1197 2564 auspicari
1217 2487 1347 2560 dehent,
1369 2489 1416 2544 dat

340 2588 476 2661 protinus
491 2605 609 2661 operam
627 2604 730 2642 avams
751 2592 850 2658 pater,
869 2594 903 2638 ut
922 2581 975 2637 lilii
994 2592 1106 2638 mature
1124 2580 1260 2637 omnibus
1278 2581 1355 2638 lucri
1372 2601 1416 2638 ar-

340 2677 418 2735 tibus
440 2675 679 2751 documentisque
699 2675 823 2745 imbuti,
854 2675 901 2730 rel
926 2673 1066 2730 minimos·
1089 2670 1266 2728 conficiendi
1292 2685 1416 2746 quaestus

340 2769 444 2826 modos
456 2769 583 2826 ediscere
596 2778 755 2843 cogentum
774 2785 843 2823 mox
858 2767 966 2822 excitat
983 2766 1130 2822 incorum
1146 2764 1250 2820 animis
1267 2765 1416 2822 insatiabi-

339 2863 397 2920 lem
418 2860 588 2938 acquirendi
606 2871 635 2918 et
654 2859 781 2918 habendi
802 2859 999 2934 cupiditatem.
1021 2860 1180 2916 Servorum
1199 2868 1323 2914 ventres-
1340 2860 1417 2934 quasi

341 2952 527 3029 comprimit,
544 2951 673 3010 triticum
688 2951 776 3028 ipsis,
795 2951 909 3010 minore
931 2971 1017 3027 quam
1039 2969 1152 3026 aequum
1172 2961 1229 3020 est,
1246 2951 1353 3009 modio
1368 2952 1418 3008 ad·

341 3045 475 3116 metiens,
489 3047 591 3120 etipse
604 3063 724 3120 quoque
732 3043 808 3101 fame
819 3044 928 3119 pariter
939 3043 1066 3132 laborat5
1082 3061 1177 3118 neque
1193 3043 1271 3100 euim
1284 3044 1354 3101 satis
1365 3044 1419 3100 sibi

342 3139 484 3214 imperare
499 3150 596 3214 potest
614 3158 769 3214 umquam,
791 3149 825 3194 ut
845 3137 942 3194 omnia
956 3135 1076 3193 frustula
1096 3137 1212 3194 caendei
1233 3139 1272 3194 ob
1293 3138 1417 3194 mucidi·

342 3241 431 3287 tatem
446 3229 528 3304 panis
543 3229 689 3301 comedat;
704 3231 886 3304 pulmentum
898 3248 914 3285 e
925 3228 997 3285 cibis
1010 3229 1176 3286 minutatim
1189 3229 1311 3286 concisis
1325 3231 1420 3304 pridie

342 3318 1421 3398 paratumacdelibatum,mediiinterfervoresseptembris‚servaresolet

342 3413 375 3470 iu
394 3422 559 3488 sequentem
578 3411 655 3469 diem
673 3434 680 3469 :
699 3412 830 3469 fabarum
850 3431 916 3469 cum
934 3431 988 3469 suo
1003 3424 1152 3470 coctarum
1168 3413 1334 3488 putamine,
1351 3415 1421 3472 item

341 3503 425 3563 siluri
438 3503 576 3562 lacertive
587 3503 646 3578 jam
660 3505 801 3580 putentis,
820 3517 931 3580 partes,
948 3521 1007 3560 una
1023 3523 1105 3561 coena
1121 3504 1234 3561 relictas
1253 3506 1374 3580 reponit
1391 3508 1422 3563 in

274 3606 285 3624 '
341 3599 461 3655 alteram
478 3615 586 3653 coenam
593 3639 602 3670 ,
620 3613 712 3671 eaque
724 3596 822 3652 omnia
835 3595 993 3672 diligenter
1003 3595 1100 3671 sigillo
1113 3615 1167 3653 suo
1178 3596 1290 3654 munita
1302 3599 1420 3670 condit,

343 3709 410 3748 cum
425 3687 481 3745 filis
495 3689 577 3763 porri
590 3688 711 3759 sectilis,
729 3707 855 3763 quorum
868 3708 1021 3745 numerum
1038 3702 1172 3746 accurate
1184 3689 1339 3746 recensuit
1359 3693 1421 3748 Ro-

342 3791 427 3858 gater
437 3779 468 3836 iu
477 3778 617 3854 pontibus
629 3779 794 3838 mendicare
808 3779 923 3850 solitus,
939 3779 976 3836 ad
989 3779 1132 3853 ejusmodi
1147 3791 1266 3837 vocatm
1281 3782 1423 3857 obsonia,

342 3872 443 3930 venire
458 3885 611 3930 recusaret.
634 3872 693 3930 Sed
710 3872 783 3949 quid
801 3882 940 3948 prosunt,
959 3891 977 3928 o
997 3891 1098 3944 avare,
1118 3871 1228 3930 divitiae
1245 3892 1300 3948 per
1318 3885 1364 3930 tot
1381 3875 1423 3929 la-

343 3965 429 4022 bores
451 3974 481 4020 et
501 3964 622 4022 sudores
645 3976 802 4042 congestae,
822 3985 913 4041 quum
931 3964 969 4022 sis
989 3984 1061 4023 vero
1080 3965 1198 4037 lurore,
1218 3985 1251 4022 ac
1271 3967 1423 4025 manifesta

340 4057 476 4134 phrenesi
493 4069 663 4132 correptus,
687 4058 836 4133 quirinus
858 4077 940 4114 more
963 4057 1108 4128 mendici,
1128 4069 1162 4114 ut
1180 4059 1422 4132 moriarislocu-

341 4149 425 4225 ples?
450 4147 571 4206 Interim
594 4147 647 4205 etsi
663 4167 799 4212 crumena
816 4149 911 4206 numis
931 4147 1054 4208 distenta
1080 4161 1208 4228 turgeat,
1230 4153 1422 4210 nihilominus

342 4237 508 4298 divitiarum
522 4237 620 4294 insana
637 4237 777 4312 cupiditas
790 4249 902 4297 tantum
916 4241 1033 4314 crescit,
1050 4253 1191 4317 quantum
1206 4243 1268 4318 ipsa
1282 4243 1421 4320 pecunia,
