3074 4990
345 437 364 478 n
432 413 473 478 D.
497 411 635 477 JUNll
658 409 937 476 JUVENALIS
961 407 1139 473 SATIRA
1161 361 1315 478 NONA.

336 527 403 600 jura
408 537 560 603 pareutum
568 527 787 603 legatorumque
793 522 999 599 capiendorum
1007 521 1144 594 debeant,
1152 543 1180 578 v.
1190 541 1317 600 27-90.
1322 525 1408 581 Poeta

341 620 607 678 miseratursortem
616 617 727 675 Novoli
735 617 830 692 ;isque
840 625 976 692 roget,nt
983 616 1094 670 occulta
1101 615 1155 689 ipsi
1164 617 1271 673 credita
1280 617 1410 688 reticeat,

340 711 478 788 quoniam
494 711 602 787 pathici
620 710 690 768 odio
706 719 920 785 prosequantur
935 725 1014 775 eum,
1031 725 1120 783 aquo
1139 707 1258 768 timeant
1273 708 1408 766 libidines

337 823 401 862 suas
414 803 558 879 evulgari,
569 815 598 859 et
612 805 659 860 vel
668 821 767 859 necem
779 803 822 857 illi
834 799 1044 869 machinentur,
1057 819 1084 856 v.
1098 819 1246 876 90—101.
1261 802 1409 860 Juvenalis

337 906 438 954 contra
461 904 572 964 monet,
594 894 631 950 ab
649 913 698 960 eo,
722 892 773 966 qui
794 889 892 966 plnres
906 909 1005 947 semus
1024 891 1143 964 habeat,
1157 891 1246 962 nihil,
1259 912 1297 949 ne
1316 905 1407 950 noctu

337 987 472 1063 quidem,
488 989 560 1043 clun
572 1005 656 1062 posse
669 983 846 1059 perpetrari,
862 993 890 1038 et
904 992 981 1039 recte
995 982 1153 1039 vivendum
1169 1002 1245 1052 esse,
1261 1003 1325 1040 cum
1338 985 1407 1044 alias

337 1080 377 1135 ob
388 1097 502 1149 causas,
515 1089 577 1134 tum
589 1077 749 1152 praecipue,
765 1086 798 1131 ut
811 1086 998 1132 contemnere
1008 1074 1092 1130 liceat
1105 1075 1232 1150 linguam
1244 1077 1407 1152 mancipio-

336 1190 416 1242 rum,
431 1189 494 1246 quae
506 1169 623 1245 quidem
637 1168 758 1244 pessima
769 1185 871 1224 eornm
885 1185 951 1241 pars
966 1166 1020 1234 sit,
1033 1186 1062 1222 v.
1079 1185 1246 1224 roa-run.
1262 1169 1325 1224 lloc
1337 1189 1410 1226 cou-

321 1261 431 1319 vsilium
444 1259 707 1334 salutarequidem
723 1277 782 1316 esse
796 1259 903 1314 letetur
916 1259 1068 1330 Naevolus,
1089 1259 1139 1315 sed
1155 1278 1232 1315 nunc
1247 1260 1408 1318 rationibus

335 1353 394 1410 suis
410 1371 512 1428 parum
529 1350 692 1408 conducere
712 1362 781 1425 post
802 1361 985 1408 consumtum
998 1351 1057 1424 jam
1073 1351 1162 1408 atatis
1181 1351 1275 1408 robur
1296 1363 1326 1408 et
1345 1371 1409 1428 spes

334 1445 482 1519 deceptae,
497 1462 526 1499 v.
552 1442 738 1518 123—129.
752 1445 840 1500 Poeta
856 1463 922 1501 eum
935 1443 1057 1500 meliora
1072 1461 1187 1518 sperare
1203 1443 1299 1517 jubet,
1317 1463 1408 1518 quum

334 1547 426 1594 stante
440 1538 533 1593 Roma
547 1553 704 1610 numquam
722 1535 852 1592 defuturi
866 1537 924 1593 sint
937 1537 1070 1594 homines
1081 1537 1183 1593 molles
1198 1557 1231 1592 ae
1246 1537 1363 1612 ciuaedi,
1379 1557 1407 1596 v.

331 1629 503 1696 “t3o-134.
517 1628 701 1686 AtNaevolus
715 1645 812 1704 spem,
824 1629 893 1686 inde
906 1628 1142 1704 concipiendam,
1156 1628 1286 1686 felicibus
1296 1639 1408 1688 tantum

334 1721 513 1796 propositam
527 1739 587 1777 esse
598 1719 685 1792 dicit,
697 1739 758 1776 uon
774 1719 845 1791 sibi,
858 1739 944 1795 quem
956 1723 1058 1776 Fatum
1074 1721 1144 1776 velit
1156 1721 1237 1777 tenui
1249 1721 1328 1779 victu
1339 1741 1410 1778 cou-

334 1823 448 1870 teutum
460 1831 537 1884 asse,
549 1824 577 1870 et
592 1812 624 1869 in
637 1813 718 1886 cujus
729 1823 797 1870 vota
811 1814 941 1869 Fortuna
955 1812 994 1869 sit
1005 1813 1091 1869 surda
1102 1855 1111 1884 ,
1123 1832 1151 1868 v.
1169 1812 1334 1872 135-150.

649 2149 885 2237 SATIRAE
910 2149 1093 2237 NONAE

737 2313 998 2371 Aunnrsm.
1115 2387 1121 2397 .

373 2497 465 2556 Satira
477 2495 537 2552 haeo
549 2493 730 2570 lepidissimis
744 2495 829 2570 plena
841 2494 963 2564 salibus,
978 2495 1029 2551 sed
1039 2505 1069 2551 et
1079 2495 1317 2564 obscoenissimis,
1330 2505 1404 2553 tota-

333 2609 391 2665 que
404 2587 560 2646 &amatim
574 2597 636 2656 est;
651 2604 716 2660 quae
730 2585 848 2660 quidem
867 2584 1000 2642 carminis
1022 2586 1115 2642 forma
1130 2599 1302 2664 argumento
1318 2608 1404 2663 quatu

332 2680 457 2737 maxime
466 2679 602 2754 congruit
613 2677 805 2751 pluribusque
818 2676 926 2734 facetiis
937 2677 1131 2734 immiscendis
1143 2681 1320 2737 occasionem
1333 2700 1407 2756 prte—

331 2773 392 2829 bet.
408 2771 542 2828 Naevolns
557 2787 629 2824 vero
640 2767 764 2824 drancus
774 2786 835 2823 non
850 2769 943 2824 solum
957 2780 1049 2844 poetae
1061 2771 1257 2846 turpissimum
1273 2775 1339 2828 vitae
1348 2793 1405 2829 suae

333 2883 423 2942 genus
438 2873 536 2939 aperte
552 2861 686 2937 exponit,
701 2861 752 2917 sed
773 2860 858 2917 etiam
874 2862 1029 2918 Virronem
1047 2861 1253 2938 pathicumssv.
1269 2864 1406 2942 40-90)

333 2955 519 3033 ingratissimi
534 2955 681 3011 insimulat
692 2952 793 3024 animi,
808 2952 916 3028 quippe
931 2953 982 3028 qui
995 2939 1051 3028 pro
1067 2955 1185 3010 summis
1201 2954 1346 3012 beneficiis
1363 2957 1405 3011 la-

332 3049 513 3122 boribusque
523 3046 601 3102 nulla
616 3047 756 3120 rependat
765 3045 891 3120 praemia.
905 3046 948 3100 lta
961 3055 1119 3120 utrumque
1135 3045 1285 3103 homiuum
1300 3066 1405 3123 genus,

333 3150 362 3196 et
375 3138 538 3216 paedicones
552 3149 580 3194 et
594 3137 714 3212 cinaedi,
731 3137 870 3195 acerrime
885 3139 1077 3215 exagitantur.

750 3325 981 3344 mmm

378 3480 425 3546 N.
444 3479 484 3546 B.
508 3479 600 3544 Hanc
613 3478 762 3566 inprimis
776 3496 966 3568 sextamque
977 3481 1134 3562 satiram,
1147 3479 1258 3568 quales
1273 3479 1407 3567 iugenio

335 3598 509 3670 conceptas
525 3580 686 3646 luvenalis
703 3581 824 3662 emisit,
840 3582 1042 3669 interpretari
1059 3581 1233 3648 horrebam
1250 3585 1313 3649 :de
1340 3609 1407 3672 quo

330 3681 472 3746 crimine
486 3704 594 3770 neque
607 3681 857 3761 dissimulando,
877 3705 983 3770 neque
1001 3682 1230 3767 defendendo,
1248 3687 1406 3750 nonnulla

334 3779 467 3848 timidus
477 3783 636 3869 proposui
647 3784 680 3845 iu
693 3805 764 3847 mea
776 3781 965 3871 praelotioue
974 3785 1082 3871 primo
1091 3785 1251 3848 volumini
1263 3783 1404 3874 praefixa;

333 3901 406 3971 quae
422 3879 620 3970 perpendas,
639 3905 764 3970 quaeso,
783 3884 887 3948 lector
900 3885 1040 3973 optime,
1062 3901 1098 3949 ut
1115 3887 1142 3948 si
1157 3909 1224 3949 non
1239 3887 1407 3976 ignoscen-

333 3983 429 4064 dum,
451 3985 564 4047 saltem
590 3977 823 4073 deplorandam
850 3985 1049 4052 conditionis
1072 4008 1152 4049 meae
1177 3989 1402 4054 necessitatem

330 4084 479 4168 judicare
495 4083 608 4174 possis.
655 4085 714 4149 Eo.
