3074 4990
444 351 617 418 sauma
640 351 835 421 DECIMA.
1120 363 1161 429 65

101 464 236 550 Suetus,
258 463 330 534 hiat
342 477 488 550 tautum,
505 492 564 536 ceu
582 463 693 560 pullus
712 466 918 556 hirundinis,
938 470 981 540 ad
997 496 1097 566 quem

101 574 167 641 Ore
178 571 275 642 volat
285 573 386 668 pleno
398 590 504 644 mater
511 575 638 670 jejuna.
653 575 719 644 Sed
737 580 830 644 omni

101 685 336 754 Membrorum
352 685 476 754 damno
494 685 601 778 major
613 683 794 770 dementia,
809 709 883 780 qure
899 710 962 758 nec

101 794 251 862 Nomina
266 819 458 881 servorum,
473 817 537 863 nec
554 791 683 862 vultum
694 796 845 887 agnoscit
857 799 972 886 amici,

101 905 185 972 Cum
201 927 273 996 quo
291 905 460 997 preterita
474 904 617 972 coenavit
632 917 749 992 nocte;
767 929 831 974 nec
848 903 939 995 illos,
1118 927 1166 980 235

101 1011 194 1098 Quos
213 1013 350 1106 genuit,
365 1035 449 1106 quos
462 1012 576 1080 eduxit
591 1037 600 1080 r
619 1035 697 1082 nam
711 1013 826 1084 codice
839 1039 928 1084 savo

102 1121 251 1190 Heredes
272 1136 364 1190 vetat
378 1146 448 1191 esse
466 1145 558 1208 suos3
580 1121 670 1190 bona
688 1137 758 1191 tota
773 1122 928 1192 feruntur

104 1230 153 1298 Ad
168 1228 311 1300 Phialen
329 1258 338 1299 ι
354 1245 484 1300 tantum
498 1229 636 1300 artificis
650 1230 738 1301 valet
752 1231 874 1302 halitus
893 1235 1002 1323 horis,

104 1339 202 1430 Quod
217 1355 357 1411 steterat
372 1341 484 1410 multis
498 1343 533 1410 in
549 1365 682 1410 carcere
694 1341 830 1412 fornicis
844 1341 957 1413 annis!

151 1451 199 1519 Ut
217 1451 355 1545 vigeant
367 1476 482 1520 sensus
494 1452 614 1535 animi,
627 1448 779 1520 ducenda
792 1466 905 1522 tamen
917 1469 996 1523 sunt
1118 1477 1168 1536 ero

108 1561 233 1628 Funera
251 1576 426 1648 natorum,
441 1583 542 1654 rogus
554 1559 787 1653 adspiciendus
800 1578 915 1631 amatre

106 1668 282 1763 Gonjugis,
301 1685 338 1739 et
352 1668 482 1755 fratris,
498 1668 670 1764 pleneque
685 1669 856 1740 sororibus
869 1695 972 1740 urnae.

107 1779 185 1847 llec
202 1777 279 1862 data
296 1803 398 1872 poena
414 1779 474 1847 diu
493 1779 698 1864 viventibus,
715 1793 754 1846 ut
771 1793 932 1848 renovata

107 1889 241 1982 Semper
253 1889 347 1959 clade
362 1889 501 1975 domus,
514 1887 627 1958 multis
641 1890 675 1956 in
692 1887 855 1976 luctibus,
875 1890 976 1986 inque
1084 1985 1089 1996 ·

108 1997 267 2091 Perpetuo
285 2022 449 2086 moerore,
468 2013 502 2066 et
516 1998 612 2091 nigra
625 2011 715 2066 veste
725 2011 914 2066 senescant.
1119 2019 1167 2082 245

108 2107 177 2173 Rex
190 2105 318 2199 Pylius,
332 2117 455 2199 magno
469 2107 496 2173 si
511 2105 692 2196 quidquam
708 2103 814 2173 credis
830 2107 995 2193 Homero,

106 2213 300 2308 Exemplum
311 2215 388 2283 vitae
400 2210 465 2311 luit
475 2234 494 2279 a
506 2211 640 2280 cornice
654 2214 816 2283 sceundaer

104 2417 208 2464 nuntur
218 2407 344 2480 laede,
356 2407 417 2484 ipse
435 2393 472 2466 ad
491 2425 593 2467 eorum
607 2411 793 2483 conspectum
806 2405 932 2466 assuetus
946 2410 1057 2485 aperire
1067 2411 1163 2482 labra,

102 2501 205 2558 hiatum
224 2501 314 2557 rictus
335 2512 446 2558 tantum
465 2500 594 2570 diducit,
611 2501 691 2556 velut
709 2500 873 2557 hirundinis
890 2503 1001 2576 pullus,
1023 2503 1061 2559 ad
1079 2520 1165 2576 quem

101 2593 272 2666 parcendum
286 2602 379 2649 mater
389 2593 487 2667 jejune
504 2611 555 2648 ore
568 2593 654 2667 pleno
664 2591 814 2662 advolans,
832 2611 924 2648 escum
940 2594 971 2648 iu
981 2604 1108 2650 rostrum
1119 2605 1163 2651 te·

100 2687 203 2742 udluru
214 2686 332 2763 ingerit.
345 2685 403 2743 Sed
416 2685 492 2754 istie,
510 2685 561 2760 qui
572 2705 677 2761 corpus
690 2697 810 2758 vexant,
826 2686 937 2744 morbis
948 2688 1034 2764 louge
1045 2690 1162 2766 gravior

97 2779 214 2835 morbus
232 2776 354 2834 infirma
367 2797 399 2834 ac
413 2795 517 2853 parum
532 2795 605 2838 reue
621 2778 725 2834 mentis
740 2789 796 2848 est,
808 2795 867 2851 quo
879 2775 926 2847 fit,
943 2790 976 2835 ut
993 2799 1087 2854 neque
1098 2791 1161 2838 se'r-

96 2889 198 2927 rorum
212 2871 333 2928 nemim
342 2870 505 2927 meminerit
516 2891 524 2941 3
539 2889 633 2945 neque
643 2870 727 2926 amici
736 2871 850 2926 vultum
860 2881 1012 2945 agnoscet,
1024 2889 1090 2928 curn
1101 2891 1160 2948 quo

96 2963 229 3020 hester-nu
242 2975 329 3020 nocte
340 2963 474 3032 creuerit,
489 2981 582 3038 neque
595 2962 717 3034 liberor,
729 2981 802 3037 quor
810 2963 974 3038 procreavit
985 2975 1014 3020 et
1025 2964 1160 3023 educatos

95 3053 181 3110 uuir:
195 3074 263 3110 uam
285 3055 342 3110 illie
358 3054 549 3112 hereditatem
563 3071 642 3110 suam
659 3053 769 3110 crudeli
784 3063 953 3110 testamento
969 3054 1070 3130 eripit,
1089 3057 1160 3115 dum

95 3163 194 3202 omues
204 3146 338 3204 fortunas
347 3145 437 3202 dourt
447 3145 568 3214 Phiale,
578 3163 664 3220 quam
677 3143 812 3200 heredem
823 3164 857 3201 ex
871 3163 931 3201 asse
943 3145 1056 3216 scribit3
1067 3166 1159 3224 usque

94 3235 170 3292 adeo
184 3237 279 3312 potuit
295 3236 408 3311 impura
421 3247 450 3293 et
464 3235 541 3292 vafre
555 3236 660 3292 mulier
673 3234 818 3291 hominem
835 3236 959 3292 inescare
974 3235 1034 3293 oris
1051 3238 1155 3309 halim,

96 3327 182 3402 quod
192 3328 296 3386 inclusa
306 3347 360 3404 per
375 3328 471 3404 plures
485 3345 575 3384 annos
591 3328 621 3382 in
635 3337 752 3402 angusta
767 3326 910 3401 lupanaris
926 3327 997 3383 cella
1008 3329 1136 3402 prostitit
1148 3331 1155 3384 l

139 3427 208 3486 uto.
230 3421 286 3478 Sed
298 3421 345 3476 lac
360 3439 454 3477 senem
470 3419 564 3476 adhuc
576 3419 660 3476 bonae
674 3415 777 3473 mentis
790 3435 850 3495 esse
865 3427 1041 3492 compotem,
1061 3427 1156 3474 temen

93 3507 195 3592 lugent
208 3511 333 3570 liliorum
344 3523 468 3569 mortem
479 3510 637 3586 oportebit,
647 3528 753 3584 eosque
763 3509 800 3565 ud
809 3527 913 3585 rogum
922 3509 1035 3578 elferat;
1046 3509 1155 3566 dilecte

93 3607 195 3665 uxoris
206 3606 320 3662 bustum
331 3623 364 3662 ac
374 3603 470 3660 fratris
482 3602 649 3672 intuebitur,
661 3613 690 3658 et
703 3621 790 3658 urnas
803 3621 936 3658 sororum
951 3600 1096 3658 cineribus
1110 3617 1156 3660 re-

93 3702 191 3758 senas.
209 3699 321 3772 Nempe
333 3687 365 3752 id
378 3695 509 3772 supplicii
525 3695 669 3772 longaevos
679 3703 789 3761 manet,
805 3702 837 3747 ut
848 3691 956 3748 iteratis
967 3702 997 3747 et
1007 3692 1157 3750 conmm-

94 3793 130 3848 tis
143 3791 177 3846 in
186 3789 288 3846 familia
303 3787 461 3858 funeribus,
470 3786 586 3843 assiduo
596 3787 627 3841 in
639 3802 763 3841 moerore
771 3802 804 3838 ac
814 3782 899 3858 nigro
908 3783 1014 3840 amictu
1023 3783 1156 3842 miseram

91 3891 268 3938 senectutem
279 3879 403 3957 exigant.
418 3880 532 3946 Nestor,
547 3897 598 3934 rex
609 3875 689 3952 Pyli,
704 3878 727 3932 si
743 3893 828 3950 quarn
839 3893 951 3933 summo
963 3877 1092 3933 Homero
1102 3879 1155 3933 hr-

90 3973 194 4032 beruur
202 3971 304 4043 fidem,
321 3989 396 4028 unus
407 3982 473 4046 port
481 3969 612 4027 homines
620 3980 702 4025 natos
713 3971 750 4026 ad
760 3967 907 4027 cornicum
918 3971 1076 4045 longevum
1090 3982 1155 4028 aeta-

92 4077 148 4124 teru
160 4064 295 4140 proxime
304 4064 438 4122 accessit:
455 4074 483 4121 et
493 4073 589 4120 netum
602 4061 709 4120 scilicet
717 4061 853 4136 preclare
862 4061 986 4119 cumillo
994 4071 1091 4136 putus,
1104 4061 1155 4136 qui

179 4157 223 4220 11.
999 4173 1017 4216 a
