2992 4984
317 455 321 460 ’
344 491 521 556 sirini
544 493 738 559 nemun
760 495 960 579 Qutnrn.
1120 469 1183 582 37i

115 601 471 699 Circumscriptorem,
491 609 586 702 cujus
599 611 769 678 manantia
786 609 869 678 ssetu

114 711 185 780 Ora
197 713 363 807 puellares
377 715 507 788 faciunt
520 719 647 788 incerta
661 717 781 814 capilli.

112 821 254 892 Naturae
266 824 409 919 imperio
423 828 603 922 gemimus,
618 852 723 922 quum
736 827 839 896 sunus
854 824 975 896 adultae

112 929 266 1024 Virginis
282 937 447 1024 occurrit,
464 934 519 1006 vel
535 951 626 1006 terra
639 934 807 1007 clauditur
820 934 932 1005 infans
971 974 974 984 ·

111 1041 156 1108 Et
167 1041 282 1111 minor
293 1044 371 1139 igne
383 1047 456 1140 rogi
471 1072 479 1114 :
494 1047 568 1141 quis
582 1047 673 1116 enim
685 1047 794 1116 bonus
808 1060 841 1116 et
851 1045 922 1115 face
933 1045 1054 1142 dignus
1135 1075 1185 1122 rto

110 1153 264 1241 Arcana,
281 1154 413 1248 qualern
428 1159 558 1228 Cereris
569 1155 642 1227 vult
657 1182 726 1227 esse
738 1155 907 1243 sacerdos,

111 1259 193 1332 Ulla
206 1261 317 1334 aliena
332 1267 395 1336 sibi
409 1268 524 1337 credat
539 1267 645 1338 mala?
661 1282 792 1362 separat
803 1267 869 1337 hoc
883 1291 945 1336 nos

109 1374 139 1440 A
154 1397 259 1468 grege
272 1390 465 1448 mutorum:
485 1393 585 1473 atque
598 1377 673 1448 ideo
685 1375 877 1446 venerabile
891 1375 953 1446 soli

109 1483 231 1553 Sortiti
245 1484 435 1579 ingenium,
452 1486 714 1581 divinorumque
730 1510 883 1581 capaces,

109 1594 227 1686 Atque
242 1597 437 1666 exercendis
455 1597 697 1693 capiendisque
714 1597 842 1669 artibus
856 1597 925 1692 apti
1138 1609 1186 1670 1⁴⁵

112 1701 261 1788 Sensum
280 1728 300 1772 a
317 1705 437 1776 caelesti
455 1705 637 1776 demissum
654 1705 813 1776 traximus
832 1730 926 1792 arce,

110 1810 219 1904 Cujus
238 1828 338 1907 egent
355 1839 464 1909 prona
479 1829 515 1884 et
530 1830 655 1885 terram
671 1816 866 1911 spectantia.
883 1815 1009 1886 Mundi

111 1921 290 2017 Principio
306 1924 449 1994 indulsit
464 1926 651 1995 communis
667 1925 824 1995 conditor
838 1924 901 1995 illis

112 2031 262 2101 Tantum
278 2033 423 2122 animas,
440 2035 536 2104 nobis
552 2037 703 2104 animum
719 2059 868 2130 quoque,
884 2048 1021 2112 mutuus
1037 2047 1073 2103 ut
1086 2057 1148 2103 nos

112 2140 269 2211 Allectus
286 2157 398 2237 petere
414 2144 574 2214 auxilium
594 2159 629 2216 et
645 2140 802 2240 prestare
816 2145 970 2238 juberet,
1135 2157 1186 2228 350

113 2251 293 2346 Dispersos
308 2253 441 2322 trahere
456 2254 493 2322 in
506 2253 690 2349 populum,
706 2252 854 2348 migrare
867 2265 1001 2320 vetusto

113 2360 166 2427 De
187 2382 327 2428 nemore
343 2373 377 2428 et
390 2361 525 2454 proavis
541 2361 706 2430 habitatas
724 2359 877 2455 linquere
893 2357 1007 2442 silvas3

112 2601 226 2676 jndices
242 2605 405 2664 sordidatus
420 2607 497 2683 agit:
519 2609 605 2666 docet
617 2605 726 2666 deflere
737 2606 923 2680 calamitatem
934 2603 1039 2682 pupilli
1057 2604 1188 2668 vocamia

114 2691 209 2768 injus
229 2693 374 2770 perfidum
392 2708 535 2769 tutorem,
554 2699 635 2773 cujus
650 2700 751 2758 faciem
768 2699 902 2776 lacrymis
919 2699 1082 2757 madentem
1095 2699 1189 2757 crines

114 2784 250 2860 longius,
262 2797 297 2843 nt
306 2788 409 2862 puellae
423 2798 544 2864 gerunt,
554 2790 690 2864 promissi
701 2792 886 2867 perturbant,
901 2791 941 2846 ita
952 2802 985 2847 ut
996 2809 1061 2848 eum
1072 2809 1134 2848 non
1145 2791 1189 2847 fa*

115 2877 169 2936 cile
179 2895 328 2952 agnoscas.
342 2879 422 2935 Facit
439 2879 539 2937 eadem
550 2891 659 2938 naturae
671 2882 731 2953 vis,
744 2893 776 2939 ut
789 2882 820 2937 in
835 2880 936 2938 fletum
949 2901 1186 2957 prorumpamus,

116 2987 206 3043 quum
216 2969 361 3044 virginem
369 2969 522 3028 immatura
533 2983 628 3031 morte
641 2985 753 3049 raptam
762 2972 870 3029 deferri
878 2973 1009 3029 videmus
1020 2973 1057 3029 ad
1067 2991 1188 3049 rogum,

115 3081 206 3138 quum
220 3063 361 3120 infantem
375 3073 452 3122 terra
466 3064 593 3140 sepeliri,
610 3065 661 3142 qui
676 3066 773 3138 minor
788 3075 844 3134 eat,
858 3081 944 3139 quam
957 3075 991 3121 nt
1004 3083 1078 3141 rogo
1092 3064 1189 3140 impo-

115 3166 204 3210 natur
211 3166 242 3211 et
250 3167 403 3214 cremetur.
415 3157 488 3227 Quia
497 3155 627 3218 enimvir
635 3158 753 3231 probus,
764 3175 797 3213 ao
806 3155 911 3232 diguus
918 3154 970 3230 qui
980 3155 1084 3212 udam
1092 3167 1186 3236 gestet

116 3247 147 3302 in
165 3247 281 3316 &reris
298 3249 384 3306 sacris
407 3248 539 3318 secretis,
559 3249 674 3323 qualem
691 3248 865 3305 initiandum
880 3247 944 3304 vult
963 3247 1076 3306 Cereris
1092 3267 1189 3312 sacer-

118 3339 184 3409 dos,
204 3338 285 3413 quis,
302 3339 438 3415 inquam,
455 3339 502 3396 vir
516 3341 627 3415 probus
645 3341 798 3396 humanam
814 3339 1003 3397 calamitatem
1020 3341 1110 3396 ullam
1127 3360 1189 3399 non

117 3442 200 3504 putat
211 3431 251 3488 ad
263 3449 294 3487 se
306 3431 404 3506 aliquo
417 3431 508 3488 modo
520 3431 687 3506 pertinere?
702 3433 766 3488 Hoc
779 3430 972 3506 discrepamus
989 3449 1006 3486 a
1022 3442 1104 3488 muto
1124 3433 1189 3488 ani·

118 3523 236 3580 melium
252 3541 350 3600 grege.
365 3524 402 3578 Et
413 3541 486 3581 vero
505 3522 560 3579 soli
574 3534 701 3579 mentem
720 3522 846 3580 numinis
859 3522 1000 3580 beneficio
1016 3525 1189 3599 consequuti

120 3635 216 3673 snmus
228 3617 410 3691 preclaram,
423 3615 634 3685 admirabilem,
651 3624 681 3671 et
693 3615 780 3672 rebus
791 3614 897 3671 divinis
906 3613 1053 3689 capiendis
1065 3633 1126 3672 non
1135 3615 1188 3672 mi·

119 3727 186 3782 nus,
197 3727 285 3784 quam
294 3707 491 3785 excogitandis
503 3707 703 3783 poliendisqne
713 3706 823 3762 artibus
832 3705 975 3763 idoneam.
986 3707 1067 3764 Hanc
1077 3706 1188 3783 abipso

120 3803 187 3858 celo
200 3801 317 3858 ductam
332 3800 490 3869 hannmns,
511 3798 582 3856 dnm
596 3798 690 3856 brutis
699 3797 893 3854 animantibus
906 3797 938 3853 in
952 3799 1072 3856 humum
1087 3799 1188 3874 pronis

120 3903 257 3970 negatur,
277 3893 383 3970 quibus
399 3892 538 3950 nimirum
552 3890 632 3948 orbis
646 3890 810 3966 primordio
825 3909 842 3947 a
858 3893 995 3950 Creatore
1010 3893 1112 3949 mundi
1127 3895 1187 3951 sola

120 3984 184 4041 data
203 3997 245 4043 est
263 3985 356 4042 anima
374 3984 517 4043 sentiendi
536 3995 566 4042 et
582 3983 737 4061 vegetandi
754 3981 814 4039 vim
834 3984 957 4055 habens,
976 3985 1061 4041 nobis
1075 3985 1187 4048 animus

120 4077 203 4133 etiam
220 4077 417 4156 intelligentie
436 4077 615 4152 rationisque
633 4093 735 4151 capax,
758 4086 792 4133 ut
813 4087 911 4134 mutua
930 4076 1041 4135 incitati
1056 4078 1186 4136 benevo-

120 4169 207 4226 lentia
221 4188 307 4247 opem
323 4181 354 4228 et
370 4169 538 4246 operamjnh
555 4167 618 4226 aliis
633 4167 842 4245 flagitaremus,
858 4170 1045 4245 eamdemque
1061 4169 1118 4227 illis
1133 4188 1186 4226 na-

122 4279 267 4344 paramum
287 4274 320 4322 ut
339 4263 467 4340 dissipati
484 4274 588 4335 antea,
609 4261 642 4340 in
659 4259 788 4336 civitates
806 4260 1024 4337 colligeremus,
1044 4272 1073 4319 et
1090 4261 1185 4342 silvis,
