3036 4984
373 417 436 496 146
657 414 699 478 D.
722 411 855 478 JUNII
877 413 1152 481 JUVENALIS
1175 467 1183 491 .

368 532 415 602 Ηί
434 528 630 626 plerumque
648 527 794 621 gradus:
814 528 983 600 conducta
998 531 1144 625 pecunia
1159 534 1274 602 Rome

368 643 413 709 Et
428 664 540 710 coram
558 637 706 706 dominis
723 639 950 726 consumitur;
966 639 1044 708 inde
1059 641 1117 710 ubi
1132 639 1285 734 paulum,

366 751 491 821 Nescio
504 747 603 844 quid,
618 762 786 842 superest,
805 762 839 818 et
855 748 958 844 pallet
973 749 1097 822 seueris
1113 767 1242 835 auctor,

367 861 437 950 Qui
454 876 583 930 vertere
600 856 725 942 solum,
741 858 838 928 Baias
853 874 889 928 et
904 858 946 928 ed
963 875 1076 930 ostrea
1090 876 1243 932 currunt.
1510 877 1511 916 l

365 973 492 1042 Cedere
509 993 653 1062 namque
669 966 745 1037 soro
761 967 833 1059 jam
850 993 919 1036 non
936 983 987 1038 est
1005 969 1172 1058 deterius,
1191 994 1291 1066 quem
1404 983 1433 1037 ⁵0

364 1079 531 1177 Esquilias
547 1106 567 1156 a
584 1078 729 1148 ferventi
744 1078 890 1172 migrare
904 1078 1048 1148 Subura.

363 1192 425 1262 Ille
438 1190 536 1261 dolor
551 1188 640 1260 solus
656 1188 800 1283 patriam
817 1187 1042 1283 fugientibus,
1058 1187 1115 1258 illa

363 1301 526 1371 Moestitia
542 1313 606 1384 est,
626 1298 770 1368 caruisse
786 1321 876 1366 anno
890 1295 1106 1370 Circensibus
1120 1323 1201 1370 uno.

298 1457 300 1464 ι
361 1411 541 1508 Sanguinis
559 1410 595 1479 in
611 1407 696 1478 faeie
713 1432 783 1477 non
797 1407 904 1478 haeret
917 1423 1034 1503 gutte:
1051 1423 1226 1480 morantur

247 1509 257 1527 ’
360 1522 464 1591 Penei
480 1519 661 1590 ridiculum
675 1517 892 1612 effugientem
907 1543 948 1586 ex
960 1518 1055 1590 Urbe
1071 1519 1246 1614 pudorem.
1400 1533 1430 1588 ⁵5
1510 1547 1511 1556 ¹

408 1629 590 1724 Experiere
603 1628 721 1714 hodie,
741 1627 909 1723 numquid
925 1628 1154 1722 pulcherrima
1166 1629 1275 1714 dictu,

361 1740 513 1826 Persice,
528 1763 596 1806 non
614 1751 771 1833 praestem
789 1739 875 1825 vita,
890 1737 944 1807 vol
961 1739 1132 1826 moribus,
1147 1753 1183 1808 et
1195 1763 1251 1825 re;

360 1848 427 1918 Sed
441 1847 576 1918 laudem
593 1845 728 1940 siliquas
744 1846 897 1918 occultus
913 1871 1038 1941 gane03
1058 1847 1168 1944 pultes

361 1964 485 2033 Corum
499 1957 571 2029 aliis
586 1957 710 2028 dictem
726 1983 851 2055 puero,
868 1958 976 2028 sedin
991 1983 1072 2028 aure
1087 1957 1267 2054 placentas.

358 2073 447 2143 Nam
461 2096 567 2168 quum
585 2071 629 2141 sis
644 2071 787 2142 conviva
803 2071 888 2141 mibi
904 2071 1104 2166 promissus,
1121 2069 1259 2140 babebis
1401 2083 1434 2135 60
1510 2135 1511 2138 ,

357 2319 478 2365 tremam
485 2307 828 2386 egestatemetmiaerism
836 2307 898 2366 istis
906 2307 967 2366 fere
976 2308 1113 2386 gradibus
1123 2304 1436 2382 deveniuntiprimum

355 2418 491 2457 nummos
503 2400 649 2476 accipiunt
663 2411 797 2472 mutuos,
812 2418 886 2476 quos
902 2401 1002 2458 Rornae
1015 2398 1189 2474 dilapident,
1208 2398 1435 2474 inspectantibus

355 2491 424 2568 ipsis
436 2491 631 2550 creditoribus
642 2514 648 2548 :
658 2503 812 2567 postquam
823 2493 873 2547 illa
884 2494 1005 2566 pecnnia
1018 2503 1079 2549 tota
1091 2492 1182 2548 ferme
1196 2501 1366 2566 consumpta
1376 2501 1435 2562 est,

356 2584 518 2661 incipitque
527 2585 677 2642 fenerator
685 2594 833 2655 metuere,
844 2603 881 2642 ne
893 2596 1001 2642 sortem
1009 2585 1129 2659 perdat,
1140 2596 1202 2642 tum
1215 2585 1262 2642 isti
1272 2583 1434 2642 nebulones

356 2679 479 2742 Romam
495 2679 596 2738 exsilio
611 2677 779 2736 voluntario
793 2678 947 2749 deserunt,
967 2679 1084 2736 demum
1098 2677 1135 2734 ad
1155 2679 1292 2734 Baianum
1312 2678 1435 2736 Ostien-

356 2789 454 2829 semve
463 2783 583 2848 portum
592 2771 716 2848 fugiunt.
727 2774 802 2830 Nam
815 2772 987 2848 decoquere,
997 2793 1029 2829 ac
1036 2773 1133 2829 forum
1142 2773 1337 2848 argentarium
1348 2775 1436 2830 reliu-

356 2881 460 2938 quere,
472 2863 582 2919 nemini
597 2863 715 2920 videtur
729 2882 807 2920 nnnc
822 2865 948 2940 turpius,
960 2885 1047 2941 quam
1059 2866 1096 2921 ab
1107 2885 1164 2921 una
1173 2865 1255 2922 urbis
1265 2865 1385 2942 regione
1395 2866 1435 2923 ad

355 2956 492 3026 alteram,
510 2977 526 3012 a
540 2957 748 3028 suburra,ubi
762 2969 841 3016 restas
854 2969 885 3016 et
897 2959 977 3015 calor
985 2970 1028 3016 est
1041 2958 1168 3034 gravior,
1181 2958 1212 3014 in
1224 2959 1366 3034 Esquilias
1381 2959 1436 3016 fri-
1510 3013 1511 3020 ,

355 3049 483 3126 gidiores
502 3049 665 3126 demigrare
676 3072 683 3108 ε
695 3066 785 3108 unum
806 3051 837 3109 id
853 3053 967 3110 exsules
984 3053 1032 3108 isti
1051 3052 1166 3121 dolent,
1185 3051 1266 3126 quod
1281 3053 1435 3112 Circenses

354 3141 441 3198 ludos
464 3140 550 3198 nnius
570 3141 656 3208 anni,
680 3159 739 3216 quo
760 3142 888 3201 abfutnri
903 3156 971 3202 sunt
994 3146 1102 3215 Roma,
1120 3145 1212 3218 spatio
1235 3164 1295 3202 non
1319 3157 1435 3220 sporta-

355 3232 446 3289 bunt:
459 3242 586 3289 ceterum
597 3275 605 3300 ,
623 3232 703 3306 quod
716 3233 899 3305 decorerint,
912 3236 992 3311 quod
1003 3238 1123 3310 patriam
1137 3238 1336 3308 deseruerint,
1351 3241 1435 3298 nullu
1510 3301 1511 3308 ,

354 3345 422 3401 pars
437 3324 519 3382 fecici
539 3325 690 3382 erubescit.
714 3327 828 3396 Quotus
849 3326 925 3384 enim
949 3328 1072 3403 quisque
1092 3330 1209 3386 tandem
1230 3340 1289 3402 est,
1307 3331 1362 3405 qui
1374 3351 1434 3407 pu·
1510 3323 1511 3364 ³

355 3417 459 3476 dorem
478 3419 570 3475 Roma
587 3419 647 3491 jani
665 3419 796 3476 exsulare
818 3420 1011 3494 compulsum,
1032 3431 1063 3478 et
1079 3422 1116 3480 ab
1135 3422 1270 3480 omnibus
1291 3423 1434 3500 irrisum,

354 3509 483 3566 retinere
504 3508 603 3565 curet?

395 3600 442 3658 56.
464 3599 611 3677 lutelliges
626 3601 768 3658 hodierne
782 3601 843 3672 die,
859 3621 877 3658 o
892 3601 1020 3670 Persice,
1035 3621 1071 3658 an
1082 3605 1233 3679 preclarus
1248 3603 1315 3660 istas
1328 3605 1437 3684 fruga-

350 3693 438 3750 litatis
453 3694 531 3769 leges
548 3695 700 3752 observem
716 3695 823 3770 reipsa;
844 3705 944 3752 utrum
958 3695 1134 3752 inmunibus
1152 3697 1236 3765 meis,
1256 3716 1288 3752 ac
1307 3697 1436 3760 vivendi

350 3788 465 3846 ratione
480 3787 573 3844 veluti
590 3800 792 3863 representem
812 3807 858 3858 ea,
875 3805 939 3862 quae
957 3788 1054 3845 verbis
1072 3799 1101 3844 et
1122 3787 1273 3866 magnifica
1293 3793 1436 3852 oratione

349 3880 518 3955 praedicavi3
535 3899 571 3936 an
586 3882 682 3948 olera,
698 3893 726 3938 et
736 3883 808 3943 viles
823 3882 903 3940 cibos
917 3882 1011 3956 palam
1025 3882 1201 3954 collaudem,
1221 3883 1337 3940 interim
1356 3885 1436 3944 dnm

349 3973 422 4030 cium
435 3989 538 4030 vescor
556 3973 743 4044 lautioribus,
763 3995 800 4031 an
820 3993 909 4050 quum
929 3974 1060 4034 invisunt
1077 3995 1123 4032 me
1140 3975 1239 4045 amici,
1260 3977 1334 4033 clara
1355 3998 1435 4038 voce

344 4064 462 4140 jubeam
475 4084 590 4122 acervo
606 4067 702 4140 parari
716 4067 788 4124 mibi
801 4069 832 4126 in
848 4088 957 4126 ooenarn
972 4071 1080 4145 pultes;
1094 4086 1166 4127 voce
1183 4069 1251 4127 dei-n
1267 4071 1432 4147 submissa,

346 4159 441 4218 eidem
459 4170 493 4218 ut
509 4160 654 4236 placentas
667 4173 806 4239 apponat,
827 4163 977 4240 imperem.
1000 4164 1099 4234 Quum
1115 4163 1193 4222 enirn
1209 4164 1381 4241 promiseris
1399 4177 1433 4224 te

1116 4375 1127 4408 l
