3074 4990
414 482 465 549 ΙΝ
489 481 719 548 SATIRAM
740 471 771 546 N
780 480 938 549 ONAM.
1161 507 1198 551 21

142 607 186 645 eur
195 597 324 648 turmulis
333 599 374 647 illa
383 601 475 648 Graecis
484 600 629 664 expresserit
637 599 730 659 verbis,
741 600 792 661 vel,
803 604 824 650 si
833 602 962 651 Homerica
970 603 997 650 in
1004 617 1056 652 rem
1065 621 1133 653 snam
1142 621 1205 654 con·

141 689 234 728 emere
243 681 337 742 voluit,
348 682 379 730 de
390 699 440 746 quo
452 683 496 730 rix
505 668 616 730 dubitare
627 681 719 746 possis,
732 691 780 730 tam
793 685 869 732 mults
880 686 1057 746 immutaverit,
1067 703 1114 738 nec
1120 691 1205 754 potins

139 771 234 808 acutam
246 764 350 810 Homeri
363 765 507 812 seutentiam
520 765 655 812 variatione
664 765 738 812 nnius
746 765 814 812 vocis
820 765 899 828 lepide
909 767 1059 817 transtulisse
1067 770 1205 819 censendus

142 844 182 890 ait.
189 843 249 892 viu.
260 845 355 894 Corum.

172 934 245 986 Nor.
264 935 307 1006 37.
326 937 400 997 Αὐτὸς
413 936 461 1010 γὰρ
475 939 598 1007 lutbertus
611 933 689 1008 ἄνδρα
701 935 819 1004 κίναιδος,
832 958 881 994 sna
891 925 962 994 eninr
974 955 1069 1015 sponte
1082 963 1115 998 ac
1126 945 1154 998 vi
1166 946 1204 1000 ei·

138 1015 231 1070 nudus
242 1021 253 1086 (
259 1031 398 1091 tamquam
410 1025 533 1094 magnes)
545 1023 633 1076 virum
645 1020 716 1075 adse
726 1024 822 1090 trabit;
834 1029 932 1077 blandis
941 1027 1042 1081 scilicet
1051 1031 1204 1101 promissis,

138 1099 224 1154 literis
240 1103 415 1177 moribusque
427 1105 545 1159 alliciens
554 1124 561 1158 t
569 1106 654 1160 faceta
665 1103 779 1179 repudiet
789 1111 933 1163 verborum
943 1111 1055 1165 Homeri
1069 1114 1164 1188 Odyss.
1175 1136 1205 1180 π,
1266 1153 1268 1160 .

138 1191 190 1249 ²94
202 1187 214 1252 (
226 1187 277 1238 nbi
290 1186 353 1248 vide
366 1189 458 1242 Clark.
469 1193 479 1259 )
491 1202 517 1242 et
530 1210 562 1255 τ,
578 1191 608 1243 13
619 1213 626 1250 ;
643 1191 713 1251 sinric
726 1192 774 1265 γὰρ
793 1195 918 1260 lusissent
930 1193 1008 1267 ἄνδρα
1021 1195 1129 1269 sidrpot,
1146 1219 1206 1271 quse

134 1269 233 1324 hune
246 1273 378 1343 expressit
391 1273 482 1327 Valer.
502 1274 576 1326 Flac.
595 1277 630 1337 V,
650 1275 709 1341 ⁵4¹·
727 1278 859 1349 Rigaltius
871 1281 1037 1352 compererit
1055 1296 1131 1336 retus
1146 1284 1205 1356 epi-

138 1369 261 1421 gramma
275 1353 286 1421 (
297 1353 359 1406 ride
371 1355 497 1408 Brunckii
511 1356 587 1408 Ansl.
602 1357 694 1428 Epigr.
709 1358 763 1427 3ο)
774 1378 781 1412 :
794 1361 893 1433 Μάγνης
905 1355 1047 1434 lipsienses<
1059 1365 1110 1434 ipsi
1125 1367 1204 1426 πόθος·

135 1436 188 1486 οὔτι
197 1434 295 1506 σίδηρον
304 1439 400 1510 nlrpqr,
410 1445 504 1509 πνιῦμα
515 1435 539 1490 d’
549 1440 603 1510 ἰμὸν
612 1439 695 1491 κάλλει
705 1443 864 1513 iptlso'ptsot.
873 1444 1019 1516 Grangaeus
1028 1465 1053 1500 :-
1060 1450 1205 1513 Nonnulli,

138 1519 191 1584 ait,
204 1518 284 1573 aliter
293 1519 400 1599 legunt,
413 1523 460 1576 sed
473 1523 602 1592 glossema
615 1537 655 1576 est
665 1523 806 1596 cujusdam
817 1527 952 1594 Grteculi,
967 1542 1080 1584 tractum
1089 1551 1120 1585 ex
1131 1534 1205 1587 Grae·

138 1621 232 1656 corum
245 1606 411 1676 proverbio:
424 1607 519 1667 Πάντας
536 1615 562 1680 γ’
579 1609 697 1676 ipsisne,
712 1602 751 1660 uis
770 1617 886 1684 μαγνῆτις
902 1611 972 1672 λίθος.
989 1613 1061 1668 Scias
1079 1628 1167 1670 autem
1177 1619 1204 1669 rb
1288 1603 1293 1626 ¹

138 1683 216 1756 dsdps
230 1689 351 1758 amplum
369 1687 438 1741 illud
452 1689 588 1761 peculium
603 1691 721 1762 signare,
741 1691 815 1764 qnod
834 1692 951 1747 cinaedus
964 1695 1046 1749 labris
1060 1698 1128 1752 vidit
1141 1717 1204 1771 spn-

138 1770 283 1823 mantibus.
293 1772 339 1824 stc
347 1771 450 1827 Latinis
458 1775 503 1823 uir
511 1785 549 1826 est
559 1773 606 1826 ills
617 1791 693 1844 pars,
705 1793 758 1846 qun
769 1775 819 1827 viri
828 1795 933 1840 sumus,
945 1789 972 1830 et
983 1779 1047 1833 binc
1055 1799 1110 1833 nno
1121 1783 1204 1836 verbo

138 1851 226 1904 Greci
234 1867 356 1907 exsectos
365 1867 464 1908 vocant
473 1853 709 1927 ἀνδροτομημίνους.»
719 1858 769 1912 Sed
779 1872 886 1931 poetam
896 1861 923 1913 in
930 1841 1002 1916 htiuc
1010 1883 1115 1918 sensum
1122 1877 1206 1919 naus

138 1933 230 1986 tulisse
241 1938 354 1990 verbnm
368 1938 495 2004 Homeri,
509 1940 552 1992 virt
566 1938 734 1994 crediderim.
749 1943 848 1997 Conler
860 1946 927 2004 Vnr.
940 1947 1012 1999 Lect.

174 2031 242 2082 Nor.
262 2033 305 2085 ³8.
326 2034 441 2094 Ulterius,
453 2036 546 2106 pejus,
558 2037 660 2108 majus,
674 2034 899 2107 quemadmodum
912 2041 997 2092 ultirnu
1009 2039 1136 2096 dicuntur
1146 2061 1202 2098 tna·

138 2113 223 2174 aima,
235 2127 369 2180 extrema,
382 2116 510 2188 pessima,
523 2117 664 2190 ultraque
682 2138 737 2172 non
751 2119 813 2172 licet
826 2119 967 2192 progredi,
979 2135 1010 2176 nt
1023 2125 1109 2176 ultima
1119 2127 1199 2188 uinis,

131 2213 214 2260 pesae,
227 2199 369 2261 crudelitas,
382 2208 431 2250 etc.
441 2227 477 2238 -
489 2203 577 2262 Mollis,
591 2199 724 2266 cinaedus,
735 2203 871 2273 pathicus.

169 2297 240 2349 Nor.
259 2297 304 2366 39.
323 2297 415 2350 Verba
427 2297 550 2352 Virronis
561 2301 603 2354 vel
616 2299 712 2353 cinaedi
727 2300 809 2354 avari.
820 2332 855 2344 -
864 2305 923 2354 lloec
933 2300 1014 2355 dona.
1050 2307 1053 2314 '

168 2469 240 2517 Vn.
259 2477 301 2526 to.
317 2469 441 2518 Sententia
451 2471 524 2534 hujus
534 2472 584 2520 loci
595 2483 645 2522 est:
657 2472 783 2538 Compruat
791 2483 900 2530 accurate
909 2473 1016 2522 cinados
1028 2489 1126 2534 avams,
1136 2489 1205 2538 quast

133 2567 243 2617 eumque
257 2552 319 2600 mibi
331 2553 399 2602 dono
411 2554 490 2614 dedit,
506 2572 537 2604 ue
549 2567 629 2620 eevet,
646 2552 762 2605 ettamen
774 2555 874 2604 libidini
886 2555 1010 2620 indulget,
1026 2556 1067 2604 cni
1081 2556 1200 2620 imperare

134 2651 186 2684 non
194 2647 291 2699 potest3
306 2637 359 2696 rel,
369 2637 486 2686 calculum
496 2647 520 2686 et
530 2640 636 2688 rationes
650 2656 746 2688 mecum
756 2640 883 2698 subducit,
899 2639 958 2687 dnm
972 2640 1198 2702 expletllbidinenr.

133 2745 168 2755 -
180 2717 281 2778 Cerere,
292 2719 392 2784 proprie
405 2719 527 2783 significat
539 2721 623 2769 clunes
636 2737 735 2769 movere
748 2737 816 2768 more
831 2736 920 2767 canum
935 2719 996 2785 (rid.
1005 2720 1099 2768 Cotum.
1110 2722 1141 2770 ad
1150 2723 1201 2771 Sat.

134 2803 175 2860 n,
184 2801 244 2865 at),
253 2813 278 2850 et
288 2800 367 2866 aptius
376 2802 426 2852 hoc
435 2803 490 2850 loco
498 2802 600 2851 verbum
609 2813 657 2864 est,
668 2821 740 2868 qnam
749 2815 822 2852 canet
830 2805 868 2852 vel
879 2816 949 2853 cavet
954 2839 963 2862 ,
977 2819 1030 2868 quse
1040 2805 1150 2868 plerique
1161 2808 1199 2855 itt·

134 2894 253 2949 ter-preter
264 2901 313 2949 pro
330 2901 361 2933 eo
375 2885 560 2934 substituerunt.
576 2877 614 2934 Ae
632 2897 709 2946 teret,
730 2903 752 2944 1,
766 2889 814 2946 lio,
830 2888 876 2946 65,
894 2887 940 2950 69,
959 2904 1006 2948 7ο,
1025 2889 1072 2948 75,
1092 2891 1135 2955 76,
1158 2891 1199 2939 ss.

134 2967 258 3028 ἔτι-ενα,
274 2969 321 3028 31,
334 2976 380 3031 49,
393 2969 440 3029 54,
453 2970 501 3028 55,
517 2969 636 3028 tir-ts,
653 2971 770 3032 66-68,
785 2987 827 3031 71,
846 2985 893 3031 76,
908 2987 948 3031 77,
964 2972 1010 3030 81,
1025 2982 1050 3019 et
1063 2972 1125 3022 Cod.
1143 2976 1198 3026 Pur.

134 3055 218 3116 Atque
233 3063 303 3100 ees-et
315 3052 431 3100 adversus
447 3064 564 3112 metrum,
579 3055 625 3113 25,
644 3055 690 3114 56,
705 3057 746 3114 57.
762 3057 843 3118 Atque
853 3062 932 3110 cenet,
950 3055 997 3117 59,
1010 3054 1104 3103 vitiose.
1119 3083 1153 3094 —··
1165 3057 1201 3104 Et

132 3145 215 3196 caret,
233 3143 283 3196 aa,
299 3136 339 3198 73.
350 3136 450 3182 Rectius
460 3147 530 3199 utque
542 3147 622 3193 cavet,
639 3151 755 3194 ro-rn,
771 3137 885 3196 14-23,
899 3152 941 3196 27,
955 3139 1070 3197 45-48,
1086 3139 1131 3200 5ο,
1149 3141 1197 3200 58,

134 3221 185 3280 64,
195 3228 245 3280 74,
256 3229 281 3268 et
293 3220 408 3266 XXXIV
421 3218 500 3268 Codd.
513 3218 588 3266 Paris.
599 3217 644 3265 «ld
658 3235 756 3268 sensnm
767 3219 890 3268 satiricum
902 3220 982 3268 minus
994 3222 1076 3282 ollert,
1094 3223 1137 3271 sed
1150 3223 1198 3271 bo-

135 3303 266 3350 nenium
277 3319 283 3349 ι
295 3311 378 3360 cavet,
388 3301 480 3351 soline
492 3303 520 3348 in
530 3301 711 3366 computatione
721 3299 861 3365 decipiatur,
872 3311 896 3349 et
907 3319 939 3353 ne
948 3303 1002 3367 plns
1011 3319 1080 3366 aequo
1090 3305 1117 3351 in
1125 3322 1203 3369 suum

137 3383 252 3433 dmucnrn
270 3385 413 3443 consenu-
431 3384 490 3431 Brit.
509 3395 533 3432 et
551 3384 613 3432 Aah.
629 3383 713 3442 Curet,
730 3400 761 3430 ne
779 3383 834 3447 plus
847 3384 948 3448 accipiat
964 3385 1083 3445 servulus,
1103 3388 1198 3435 PRAT.

137 3467 250 3515 Eandem
257 3468 391 3516 lectIonem
404 3467 512 3514 delendit
522 3465 706 3516 Scbnrrileisch.
715 3465 754 3514 bis
768 3466 848 3513 verbis
859 3483 865 3513 z
877 3469 967 3515 uPoeta
979 3468 1120 3528 Nrevolnm,
1130 3469 1203 3533 quod·

135 3549 201 3597 nibil
210 3566 223 3596 a
232 3549 351 3597 divitibus
361 3550 484 3597 donorum
494 3550 626 3614 acciperet,
636 3549 774 3599 consolatus
781 3560 816 3598 est
827 3566 840 3597 a
851 3567 886 3597 vs.
896 3551 926 3600 3²
938 3586 944 3609 ‚
957 3550 1091 3610 rejiciendo
1102 3551 1200 3618 culpam

132 3631 159 3678 in
171 3639 251 3692 astra,
267 3630 383 3679 homines
395 3631 468 3678 etiam
481 3630 588 3679 cinaedos
602 3632 717 3696 regentia.
738 3631 819 3679 Finito
833 3647 952 3678 sarcasmo
967 3647 1002 3678 vs.
1018 3633 1112 3698 38nqq.
1125 3634 1199 3683 infert

132 3713 256 3773 Nerolus,
265 3713 308 3760 illa
319 3713 442 3777 patienter
450 3713 549 3776 quidem
560 3731 586 3762 se
595 3715 657 3762 ferre
664 3751 672 3775 ,
680 3715 723 3763 sed
732 3715 780 3763 boc
788 3713 941 3762 intolerabile
948 3730 1012 3774 esse,
1022 3715 1198 3781 quodquidam

131 3796 224 3860 pathici
234 3797 284 3843 sint
294 3797 375 3857 arari,
387 3797 431 3860 qni
444 3797 528 3857 etiarn,
543 3813 596 3862 quse
609 3798 735 3857 dederint,
749 3795 891 3858 objiciendo
904 3796 1066 3861 exprobrent,
1079 3809 1103 3846 et
1116 3801 1199 3852 omniu

132 3889 241 3927 meurate
251 3887 397 3942 computent
407 3889 551 3944 pactamque
561 3879 699 3931 mercedem
710 3879 768 3927 inde
781 3877 914 3926 decurtent.
927 3879 990 3940 Quis
999 3879 1058 3927 inde
1066 3895 1119 3928 non
1128 3882 1198 3929 vide-

131 3973 180 4022 ret,
189 3959 217 4010 rb
227 3973 294 4010 σενα
303 3962 329 4010 b.
336 3961 384 4010 loc.
394 3959 483 4011 ἄτοπον
496 3979 562 4025 esse,
571 3963 615 4012 ulti
623 3979 677 4012 non
685 3961 740 4010 niti·
746 3961 777 4008 de
789 3961 926 4010 rationibus
935 3963 1027 4028 agitur?
1038 3963 1085 4011 Sed
1094 3963 1135 4012 ille
1146 3981 1199 4013 mos

131 4053 169 4090 est
179 4043 344 4107 quorumdam
358 4045 520 4106 Criticornrn,
531 4057 619 4095 utnon
627 4047 676 4095 nisi
689 4044 806 4093 vocabula
815 4061 884 4093 casca
892 4055 934 4093 ant
942 4046 1014 4094 etiam
1025 4057 1162 4113 pretextata
1172 4049 1199 4096 in

130 4124 215 4174 bonos
230 4137 342 4174 rumores
362 4127 500 4188 inculcant,
517 4127 549 4177 ad
566 4131 651 4180 nescio
668 4145 730 4193 qnos
746 4128 844 4177 codices
861 4139 1046 4194 provocantes..
1066 4132 1197 4180 Enimvero

129 4219 197 4256 ceses
208 4209 234 4256 in
253 4208 379 4273 plerisque
392 4207 480 4274 legitur
493 4209 576 4271 libris,
594 4226 640 4260 nec
655 4210 742 4271 rideo,
755 4219 800 4260 cut
813 4211 918 4260 alienum
935 4211 967 4260 sit
979 4211 1010 4259 ab
1026 4212 1074 4261 boc
1088 4215 1143 4262 loco
1154 4212 1200 4261 nbi
