2992 4984
310 422 487 488 SATIRA
511 421 700 485 DECIMA
723 421 937 504 QUARTA.
1099 423 1162 488 303

92 543 202 629 Quum
221 540 369 609 subeunt
386 538 516 606 animos
533 537 736 606 auctoribus.
756 537 855 606 Unus
870 553 904 606 et
918 536 1001 606 alter

92 653 243 721 Forsitan
256 651 328 720 haec
342 662 502 745 spernant
514 649 674 742 juvenes,
692 646 814 740 quibus
827 663 899 717 arte
915 649 1077 742 benigna,

91 749 130 830 Et
145 757 286 829 meliore
301 757 374 829 luto
393 758 490 828 finxit
507 757 693 852 praecordia
706 758 806 826 Titan
823 785 831 827 :
1131 775 1164 826 3⁵

88 869 148 941 Sed
166 869 316 964 reliquos
335 868 497 964 fugienda
514 881 649 962 patrum
666 868 804 963 vestigia
821 868 967 953 ducunt,
1083 951 1087 960 Ι

88 983 128 1050 Et
143 992 339 1049 monstrata
354 979 413 1048 diu
429 977 549 1048 veteris
565 978 670 1048 trahit
685 977 795 1046 orbita
810 975 927 1072 culpae.

132 1089 313 1158 Abstineas
329 1088 433 1183 igitur
444 1087 643 1158 damnandis
659 1114 667 1156 :
686 1088 787 1182 hujus
804 1087 894 1156 enim
907 1085 961 1156 vel

91 1197 164 1267 Una
180 1211 308 1294 potens
326 1199 412 1268 ratio
431 1213 498 1285 est,
517 1223 560 1268 ne
576 1179 718 1268 crimina
733 1211 847 1266 nostra
860 1209 1044 1291 sequantur

87 1310 134 1376 Ex
145 1307 248 1378 nobis
262 1309 387 1404 geniti;
407 1311 568 1404 quoniam
586 1307 710 1380 dociles
728 1308 899 1394 imitandis
1129 1331 1164 1384 4ο

88 1419 256 1514 Turpibus
272 1444 312 1488 ao
329 1422 441 1514 pravis
458 1445 574 1491 omues
592 1445 728 1509 sumus;
749 1435 783 1488 et
798 1417 977 1490 Catilinam

87 1527 311 1623 Quocumque
325 1531 362 1597 in
381 1529 509 1626 populo
524 1530 655 1617 videas,
675 1551 891 1624 quocumque
909 1529 972 1598 sub
987 1550 1065 1613 axe3

87 1634 148 1706 Sed
163 1662 230 1706 nec
246 1641 371 1708 Brutus
388 1640 471 1726 erit,
487 1641 584 1708 Bruti
599 1662 661 1709 uec
675 1638 861 1710 avunculus
873 1661 1025 1733 usquam.

87 1746 140 1816 Nil
153 1746 248 1818 dictu
262 1748 390 1818 foedum
403 1751 545 1846 visuque
559 1752 632 1821 haec
646 1749 762 1822 limina
775 1764 908 1845 tangat,

88 1859 175 1925 lutra
186 1883 265 1952 quse
278 1882 362 1951 puer
375 1875 435 1930 est.
450 1859 572 1928 Procul
585 1860 682 1946 hinc,
703 1857 822 1953 procul
838 1860 916 1928 inde
930 1857 1049 1955 puellae
1129 1878 1162 1938 45

88 1966 281 2052 Lemnum,
300 1982 335 2036 et
350 1983 468 2037 cantus
482 1968 713 2063 pernoctantis
727 1969 871 2064 parasiti.

1 2097 2 2154 j
88 2076 227 2145 Maxima
248 2075 391 2147 debetur
405 2101 512 2172 puero
526 2078 731 2146 reverentia:
751 2077 779 2146 si
793 2077 875 2173 quid

89 2185 193 2279 Turpe
208 2209 325 2280 paras,
343 2211 387 2254 ue
400 2199 437 2255 tu
450 2187 548 2280 pueri
565 2187 785 2255 contemseris
797 2209 925 2254 annos:

89 2293 146 2360 Sed
159 2309 345 2387 peccaturo
362 2295 472 2364 obstet
485 2295 546 2364 tibi
559 2293 647 2363 lilius
662 2295 783 2364 infans.

88 2405 169 2472 Nam
182 2405 213 2474 si
225 2403 308 2500 quid
322 2403 462 2500 dignum
479 2406 638 2476 Censoris
651 2404 772 2474 fecerit
786 2405 836 2472 ira
1127 2423 1159 2474 50

88 2513 311 2612 Quandoque,
327 2531 362 2584 et
375 2514 519 2587 similem
530 2517 591 2585 tibi
604 2541 639 2585 se
652 2541 723 2585 uon
737 2537 881 2608 corpore
894 2526 1025 2582 tantum

90 2783 157 2860 apud
172 2803 230 2844 nos
244 2785 386 2842 momenti
403 2795 455 2842 est
471 2785 668 2861 Reperienmr
681 2787 803 2843 tortasse
818 2783 953 2842 nonnulli
966 2785 1017 2859 qui
1030 2788 1159 2861 exempla

90 2878 223 2950 ejusmodi
239 2889 426 2952 aversentur,
448 2879 573 2955 quibus,
589 2878 716 2955 benigne
735 2878 842 2949 solers,
861 2879 1051 2934 Prometheus
1071 2879 1160 2936 corda

90 2970 220 3030 nobiliori
234 2971 298 3028 luto
316 2969 448 3042 finxerim
467 2981 578 3029 eeteros
591 2971 711 3047 vestigia
728 2971 870 3028 scelerum
886 2989 903 3025 a
919 2970 1087 3046 parentibus
1103 2969 1160 3029 im-

90 3077 174 3133 pressa
181 3063 351 3135 abducunt,
366 3073 396 3120 et
404 3063 482 3120 rism
491 3063 624 3122 diuturni
635 3062 763 3121 oriminis
774 3061 869 3120 orbita
883 3062 999 3138 pridem
1010 3073 1157 3120 monstra-

90 3154 268 3230 tsmabrepti
283 3166 392 3212 terunt.
779 3141 782 3152 ⁴

125 3245 168 3303 it.
180 3247 387 3324 Fugiosigitur
395 3263 460 3322 quas
468 3257 536 3303 sunt
546 3246 723 3318 damnanda3
732 3245 769 3304 ad
778 3246 919 3306 hooenim
929 3245 1092 3304 faciendum
1101 3265 1158 3304 una

91 3355 175 3396 mussa
192 3341 292 3396 valere
310 3340 415 3408 debet,
433 3358 471 3396 ne
489 3337 712 3415 nostraflagitia
725 3340 878 3397 imitentur
893 3359 928 3397 ex
944 3337 1031 3396 uobis
1047 3342 1158 3417 geniti:
1232 3398 1237 3408 ,

90 3433 111 3486 si
122 3433 236 3507 quidem
250 3435 290 3490 ito
302 3434 364 3490 usti
377 3445 476 3490 sumus
488 3451 602 3504 omues,
618 3444 652 3490 ut
663 3445 766 3510 sponte
777 3447 863 3512 turpe
874 3453 907 3492 sc
918 3450 1040 3511 prorum
1052 3435 1160 3510 quidli-

89 3521 134 3578 bet
144 3525 302 3598 imitemur,
312 3539 344 3584 et
355 3526 491 3610 Catilipas
501 3525 612 3601 ubique
625 3527 754 3603 gentium
767 3539 797 3585 et
809 3537 953 3585 terrarum
964 3526 1094 3602 reperire
1102 3527 1156 3598 sit,

91 3614 186 3674 Brutos
194 3630 224 3677 et
239 3621 379 3693 Catones,
390 3637 543 3696 nusquam.
554 3621 589 3675 In
600 3637 632 3676 ea
640 3621 743 3693 domo,
758 3621 789 3678 in
798 3639 854 3697 qua
862 3639 937 3696 puer
944 3619 1048 3694 aliquis
1057 3634 1158 3676 verso-

90 3715 145 3778 tttr,
165 3711 239 3769 nihil
257 3711 408 3785 audiatur,
423 3712 497 3768 nihil
512 3711 688 3788 adspiciuntur
704 3715 882 3772 obsomnum.
907 3713 1014 3770 Procul
1030 3711 1111 3768 illino
1129 3723 1158 3770 et

91 3796 166 3858 istinc
176 3817 385 3864 removeantur
394 3806 560 3864 meretrices
572 3815 603 3862 et
615 3815 715 3863 contus
730 3808 924 3881 parasitorum
938 3814 1029 3862 totam
1041 3815 1158 3862 noctem

92 3899 268 3958 &mentando
286 3899 509 3957 traducendum.
533 3899 673 3958 Habenda
694 3910 738 3956 est
754 3919 910 3977 permagna
927 3898 1048 3975 puerilis
1068 3898 1158 3956 atatis

93 3984 176 4058 ratio,
190 3999 219 4046 et
230 3992 312 4065 quasi
325 3989 505 4061 reverentis3
522 3999 629 4066 tuque,
646 3991 671 4048 si
685 3992 758 4068 quid
771 3991 905 4068 improbe
919 3991 1014 4050 faeere
1031 3992 1156 4068 cogitas,

11 4107 12 4110 ¹
92 4075 149 4132 mli
159 4089 284 4139 teneram
298 4084 383 4159 pueri
398 4093 511 4141 atatem
524 4101 673 4158 spemere3
691 4086 781 4143 immo
795 4097 981 4164 peccaturum
994 4097 1023 4145 te
1033 4085 1156 4144 retineat

93 4169 205 4240 puritia
218 4171 282 4233 filii.
298 4176 330 4235 si
343 4176 421 4236 euim
436 4175 593 4252 aliquando
608 4177 658 4236 ille
673 4178 822 4238 admiserit
837 4179 987 4257 quidpiam
1003 4201 1018 4235 a
1036 4195 1157 4236 censore
