3074 4990
290 408 333 482 40
450 411 623 477 VARIAE
645 414 940 480 LECTIONES
964 415 1028 478 ET
1052 415 1207 482 NOTAE

289 523 415 572 Fabricius
429 525 521 576 Censor
530 537 613 592 notet,
626 525 678 579 hoc
689 538 741 592 est,
754 545 814 596 quae
827 526 880 578 sint
890 525 984 580 decem
996 526 1087 598 pondo
1096 541 1123 581 et
1133 529 1257 598 amplius.
1271 527 1301 579 C.
1312 527 1365 578 Fa-

289 605 391 660 lsricius
402 610 532 663 Luscinus
543 629 638 665 censor
647 631 719 665 anno
730 613 789 682 478.
802 613 832 664 P.
845 612 1002 666 Cornelium
1015 613 1158 677 Rufinum,
1171 615 1214 666 his
1225 613 1367 666 consulatu

289 701 315 741 et
325 687 460 745 dictatura
471 693 607 758 functum,
620 708 713 748 senatu
725 694 853 748 movitob
862 696 975 748 luxuriae.
986 708 1091 760 notam,
1103 696 1178 769 quod
1190 715 1271 750 coenae
1281 695 1368 768 gratia

289 771 383 828 decem
396 775 488 848 pondo
503 779 606 850 argenti
625 779 688 831 facti
704 779 843 831 haberet¹
860 781 957 830 Notata
969 791 996 832 et
1010 795 1086 843 noco,
1101 782 1238 836 vocabula
1254 779 1368 853 propria

291 855 327 910 dc
340 861 462 916 censoria
473 860 622 934 ignominia
635 881 667 916 ac
681 880 769 934 paena.

327 1004 394 1054 Van.
416 1016 473 1064 aaa.
490 1007 538 1070 Et,
559 1007 599 1056 1⁵.
614 1035 650 1046 -
667 1005 802 1068 Fabricius,
820 1018 870 1070 04,
888 1011 938 1068 60,
954 1009 1003 1070 65;
1016 1008 1067 1056 vid.
1084 1008 1115 1057 ad
1129 1011 1166 1069 11,
1184 1011 1241 1066 154.
1256 1033 1293 1047 -
1313 1008 1367 1056 No·

291 1099 341 1146 tot,
363 1091 404 1138 15.

326 1183 398 1237 Nor.
421 1192 478 1248 ¹4²·
498 1185 753 1255 mafortes,robusti
763 1185 833 1238 servi
843 1184 986 1249 lecticarii,
997 1189 1030 1237 de
1037 1204 1113 1255 grege
1124 1191 1268 1248 Masonem,
1279 1203 1377 1244 servo,

291 1284 370 1330 rum,
384 1286 417 1320 ex
428 1269 524 1322 Moesia
534 1271 545 1337 (
552 1268 634 1322 hodie
645 1269 770 1340 Bulgaria
780 1281 806 1321 et
816 1269 925 1339 servia)
937 1271 1052 1321 Romam
1063 1267 1249 1332 advectorum
1262 1286 1326 1320 nam
1337 1287 1372 1321 ex

293 1349 401 1412 Moesia,
415 1351 607 1424 Cappadocia,
621 1352 747 1425 Bithynia
765 1364 791 1404 ct
808 1351 886 1424 Syria
902 1352 1033 1423 gregatim
1048 1351 1233 1404 afferebantur
1247 1352 1372 1416 venalem

292 1430 350 1484 vid.
369 1434 500 1506 Bottigeri
517 1435 629 1497 Sublata,
647 1453 709 1506 pag.
727 1441 779 1501 409
797 1446 824 1488 et
841 1441 891 1498 444
913 1454 967 1506 seq.
986 1438 1072 1498 Moesi,
1089 1435 1234 1498 hocloco,
1250 1446 1281 1486 ut
1298 1435 1372 1500 Syri,

297 1519 474 1583 Cappadoces,
490 1530 540 1569 etc.
554 1515 627 1589 apud
642 1519 762 1571 Martial.
780 1517 899 1582 1x‚23‚
916 1537 947 1586 93
964 1520 1035 1572 Pers.
1052 1519 1108 1579 vl,
1125 1536 1168 1587 77,
1186 1519 1220 1570 al.
1238 1518 1294 1570 Cur
1305 1535 1371 1571 vcro

295 1600 344 1648 doc
357 1609 461 1650 tantum
479 1599 569 1654 servi?
580 1598 705 1654 Modeste
723 1613 808 1674 optat.
820 1599 874 1654 Sed
887 1601 949 1654 vide
963 1600 999 1653 ad
1014 1604 1041 1666 1,
1057 1605 1102 1664 64.

330 1743 398 1790 Vas.
419 1743 477 1800 143.
496 1745 645 1804 Messanam,
661 1762 701 1806 rr,
717 1747 819 1810 15.19‚
835 1762 883 1805 aa,
894 1748 943 1805 ²3,
956 1755 997 1803 04.
1009 1745 1181 1804 Massivam,
1199 1759 1246 1805 27,
1257 1753 1300 1805 47.
1313 1745 1371 1806 Μ]-

294 1841 376 1874 sorum
387 1827 481 1876 Calder.
490 1829 574 1876 nescio
583 1845 630 1892 qua
644 1830 794 1880 anctoritate.
808 1829 951 1890 Meduacus,
964 1843 1003 1888 11,
1018 1830 1044 1876 iu
1058 1845 1132 1893 marg.
1149 1830 1195 1886 ιδ,
1207 1830 1252 1889 18,
1266 1828 1310 1888 45,
1321 1829 1370 1887 46,

296 1918 345 1973 49,
356 1909 398 1968 55,
409 1911 456 1970 58;
468 1910 518 1960 vid.
529 1928 602 1976 supra
613 1912 645 1960 ad
653 1914 712 1971 vll,
728 1915 792 1974 132,
805 1923 829 1960 at
842 1913 947 1961 Pontaul
959 1912 1091 1971 Analecta,
1102 1915 1142 1970 11,
1157 1927 1197 1959 u.
1211 1939 1248 1950 --
1260 1912 1323 1959 Mox
1332 1910 1370 1958 la-

296 1991 406 2056 gcndum
415 1993 578 2042 crediderim:
591 1994 683 2059 quimc
693 1993 756 2060 (iu)
767 1995 860 2044 cervice
872 1993 994 2057 locantes,
1002 1995 1051 2042 hoo
1064 2004 1115 2055 est,
1125 2003 1256 2058 ponentes.

331 2083 357 2136 N
360 2102 402 2136 or.
425 2084 484 2148 143.
506 2087 601 2136 Cervice
612 2091 708 2149 locata,
720 2105 776 2140 non
787 2085 933 2151 conducta,
945 2086 992 2140 sed
1005 2088 1055 2139 sub
1066 2107 1108 2140 me
1120 2088 1223 2149 locata,
1233 2075 1375 2157 supposita

296 2167 398 2221 lectica
407 2169 511 2223 cellave
524 2169 653 2235 ferenda,
663 2172 707 2224 vel
719 2169 923 2224 accommodata
934 2171 1014 2235 mihi,
1029 2171 1057 2222 in
1067 2189 1146 2222 usum
1156 2188 1254 2223 meum.
1265 2167 1319 2222 Sed
1329 2169 1373 2220 11ae

295 2269 405 2322 quoque
417 2253 534 2306 rationes
543 2253 617 2307 durae
627 2267 697 2308 sunt.
709 2255 787 2308 Coni.
798 2258 864 2308 Var.
873 2257 1017 2308 lect—In
1027 2255 1070 2306 his
1080 2267 1165 2326 poeta
1174 2253 1263 2307 verbis
1271 2253 1374 2304 harere

295 2337 415 2407 potuisse
426 2339 492 2392 clar.
508 2342 657 2411 Rupertum
673 2340 788 2393 miratur
797 2339 871 2393 doct.
886 2343 1017 2405 Cmmmcr,
1030 2338 1131 2392 nedum
1142 2337 1284 2402 admittat,
1296 2333 1373 2408 quod

297 2419 344 2474 ille
354 2423 471 2495 conjecit
482 2427 492 2494 (
502 2425 526 2474 ia
537 2427 546 2492 )
558 2427 649 2476 cervias
665 2429 783 2476 laconas.
796 2427 867 2478 Nam
880 2425 906 2478 N
908 2425 1007 2477 avolus
1023 2422 1143 2476 modeste
1158 2435 1220 2475 vota
1231 2419 1374 2493 exprimit;

297 2519 374 2578 optat
392 2526 446 2560 non
463 2509 522 2562 auri
542 2529 618 2572 rasa,
633 2508 681 2562 sed
698 2511 794 2578 argenti
807 2513 931 2569 vascula,
946 2520 972 2560 et
991 2506 1046 2560 duo
1064 2519 1169 2559 tantum
1185 2503 1375 2558 cathedrarios

296 2609 396 2662 eosque
409 2590 570 2655 conductos,
582 2605 608 2645 ct
620 2593 667 2664 qui
678 2595 757 2642 locent
771 2592 823 2664 ipsi
836 2591 953 2644 cervices
966 2610 1036 2645 suas.
1052 2590 1150 2643 Nescio
1164 2609 1198 2641 an
1210 2589 1269 2640 hacc
1284 2586 1373 2641 omui·

297 2675 349 2728 bus
360 2676 529 2730 satisfaciant
540 2677 624 2730 :mihi
636 2675 745 2748 quidem
758 2675 847 2728 nodus
862 2676 1012 2744 stenelius
1029 2675 1098 2730 solvi
1114 2673 1229 2728 videtur.
1247 2675 1299 2727 En.

332 2772 402 2826 Nor.
425 2778 484 2835 144.
503 2775 537 2824 In
555 2772 626 2824 sellia
638 2771 754 2824 Romani
768 2790 823 2823 non
839 2771 922 2824 modo
941 2770 1131 2826 deserebantur
1145 2771 1173 2822 in
1188 2773 1278 2822 cuasam
1290 2769 1332 2823 vel
1344 2768 1373 2821 in

297 2855 450 2920 theatrum,
465 2855 555 2910 sedin
570 2855 602 2908 iis
616 2873 724 2926 quoque
737 2853 778 2906 ihi
794 2853 1001 2926 persedebant.²
1021 2885 1057 2895 -
1075 2861 1190 2906 Securum
1205 2873 1221 2906 a
1235 2855 1315 2906 turba
1328 2872 1374 2904 ur·

298 2952 391 3010 gente,
401 2940 444 2993 vel
454 2939 550 3012 quovis
564 2937 700 3012 periculo,
711 2935 786 3009 quod
797 2941 930 3007 dirosones
941 2939 1113 3011 propulsant.
1124 2968 1159 2978 —
1170 2941 1238 2990 Circo
1249 2943 1375 3000 clamoso,

299 3035 410 3094 propter
427 3024 571 3077 clamorem
588 3034 615 3075 et
632 3023 743 3095 plausus
762 3021 872 3093 populi,
892 3033 923 3073 ut
940 3040 1030 3072 tarseus
1046 3024 1136 3086 circos,
1154 3021 1243 3084 VIII,
1262 3020 1313 3089 59,
1326 3019 1376 3072 ubi

300 3103 362 3160 vide
375 3119 477 3159 notam.

334 3252 401 3299 Van.
423 3253 480 3308 145.
498 3251 535 3299 Sit
546 3250 605 3309 tibi,
621 3269 663 3300 as.
677 3279 711 3289 -
729 3251 837 3301 Coelotor
846 3266 949 3310 curans,
963 3266 1006 3298 aa.
1020 3249 1108 3297 Torvus
1119 3251 1227 3310 calator,
1240 3253 1280 3298 ιδ.
1291 3251 1376 3296 Sorores

301 3334 396 3382 celator
403 3335 441 3382 vel
452 3335 558 3395 calator,
572 3351 611 3393 ιι,
621 3336 684 3382 sorte
694 3345 717 3381 at
729 3351 751 3383 r.
761 3335 824 3382 Nam
834 3345 904 3382 ratus
912 3333 994 3382 Schol.
1005 3343 1057 3382 cst:
1070 3355 1081 3375 ι
1088 3331 1203 3397 opifices,
1216 3333 1281 3380 servi
1291 3349 1377 3398 argou-

302 3419 369 3477 tarii,
378 3417 512 3480 laboriosi,
522 3417 702 3484 anaglypharii.
712 3439 725 3458 n

336 3514 407 3566 Nor.
429 3512 494 3574 145,
519 3517 578 3575 146.
597 3513 716 3583 Operam
732 3510 800 3562 mihi
821 3522 948 3581 praestent
968 3508 1084 3562 artifices
1107 3507 1272 3579 domumque
1290 3527 1379 3560 meam

301 3608 430 3649 exornent
439 3597 509 3649 vasis
521 3595 623 3648 affabre
636 3594 737 3646 calatis
747 3595 791 3648 rel
800 3594 919 3665 plasticis
930 3593 1215 3646 artificiis—Calcat
1224 3591 1376 3662 sigillorum

302 3679 372 3734 vasis
383 3692 439 3731 arte
455 3677 655 3750 illigandorum.
675 3680 778 3741 Goaris,
794 3677 962 3740 incurvatus,
979 3675 1104 3730 assiduus
1117 3676 1145 3729 in
1158 3675 1245 3728 multo
1263 3676 1377 3740 labore,

340 3958 349 3983 ¹
368 3955 405 4002 Ita
416 3953 479 4003 Gall.
490 3955 536 4013 lv,
547 3954 562 4002 8
573 3953 584 4020 (
596 3953 706 4002 ubiaidc
717 3951 816 4017 intpp.)
860 3951 991 4007 xxm,
1008 3964 1039 4010 9,
1056 3963 1102 3995 scu
1120 3945 1153 4002 54
1171 3957 1196 3993 ct
1215 3945 1287 4010 Pigh.
1307 3946 1379 3994 Anu.

304 4035 390 4094 xv11,
400 4049 430 4081 ar
442 4033 541 4092 ,Valcn
551 4033 618 4082 Max.
627 4037 666 4091 11,
677 4031 817 4097 9;Tcrtull.
861 4041 922 4080 tom.
936 4031 961 4088 1,
972 4045 1028 4092 pag.
1043 4034 1103 4084 440.
1206 4092 1208 4095 Ι

303 4112 409 4179 Apolog.
421 4129 475 4178 cap.
489 4115 521 4173 6;
532 4115 617 4163 Seueo.
628 4113 680 4162 Vit.
693 4113 760 4161 Beat.
775 4126 817 4171 213
898 4115 909 4140 ¹
927 4107 993 4155 Vide
1002 4108 1067 4171 lips.
1075 4105 1150 4154 Eloct.
1160 4109 1181 4164 Ι,
1192 4121 1232 4169 19,
1241 4116 1265 4153 et
1276 4105 1307 4154 dc
1316 4107 1380 4154 Am-

305 4194 426 4244 Plutamh.
446 4195 473 4243 iu
491 4195 563 4260 Sylla.
587 4195 677 4244 Confer
698 4192 819 4248 Plinisam,
863 4189 990 4253 phitcap.
1007 4189 1047 4236 13.
1108 4259 1110 4265 Α
