3042 4984
224 447 797 530 1nssa1ns'nnnoinnn
820 457 1074 543 inunnn.
1120 461 1185 542 403

113 571 186 627 rtis.
199 574 259 640 111,
269 575 301 640 3,
313 588 342 629 et
360 576 394 630 ai.
413 575 492 629 Cous.
504 573 603 628 Cellar.
618 573 705 628 Notit.
723 574 783 628 orb.
802 585 858 628 ant.
874 585 939 628 tom.
951 573 980 640 1,
996 575 1030 644 89
1039 593 1094 648 seq.
1105 605 1138 617 —
1149 579 1190 629 De

113 657 163 710 illa
173 655 283 712 civitate
292 657 355 712 'vide
365 657 401 712 ad
410 659 531 713 indicent
539 659 685 730 geograph.
697 675 777 730 quem
786 659 885 712 Cesari
896 659 1100 731 subjunximus,
1110 661 1187 726 tw,
1211 687 1216 692 ·

113 758 176 812 pag.
189 760 250 795 sao.
262 741 315 796 Eu.
328 743 446 795 -Hiins
458 742 553 796 incole
566 742 631 795 olim
644 761 660 796 a
674 741 723 795 Cu.
735 742 865 816 Pompeio
876 743 978 798 obsessi
989 741 1050 798 dira
1061 743 1131 798 fame
1144 765 1190 800 nr-

112 823 251 893 gebsntnr
263 837 302 891 et,
316 837 346 878 nt
355 823 437 878 fidem
445 824 562 878 Sertorio
572 822 666 877 datam
676 837 850 896 prestarent,
861 843 958 879 uxores
967 824 1121 899 liberosque
1130 847 1192 882 suos

112 905 266 962 comedisse
276 906 429 962 traduntur.
441 905 506 963 Vid.
520 908 612 962 Valet.
621 907 696 960 Max.
708 909 778 972 VII,
792 910 826 974 6,
838 919 892 961 ext.
905 926 919 960 a
930 919 974 972 ,et
991 909 1025 974 3,
1038 910 1086 980 qui
1098 930 1193 966 eornm

111 1003 140 1044 et
151 990 241 1045 simile
250 991 479 1045 Numantinorum
489 989 592 1044 facinus
602 1001 731 1061 tauquam
743 1007 877 1042 summam
889 989 1003 1044 feritatis
1015 1004 1093 1046 notat
1103 1013 1192 1048 exem·

113 1074 207 1148 plum:
225 1087 255 1128 nt
268 1093 323 1147 quo
336 1074 413 1128 nullu
429 1073 465 1127 sit
482 1072 647 1127 necessitatis
661 1071 813 1137 excusatio,
828 1090 913 1144 qnam
926 1073 962 1124 sic
976 1072 1066 1126 vivere
1084 1093 1192 1131 necesse

113 1159 233 1225 nonsit,
248 1159 348 1232 quibus
360 1157 430 1211 mori
441 1157 530 1211 liceat.
541 1158 637 1230 Neque
646 1157 721 1214 illud
738 1155 837 1229 probat
846 1159 862 1208 J
866 1156 986 1210 ureaalis
999 1177 1037 1212 vs.
1052 1167 1191 1226 94-106‚

113 1239 163 1294 sed
180 1254 253 1294 recte
269 1239 364 1304 docet,
380 1240 566 1294 necessitatem
582 1238 735 1312 famemque
751 1238 950 1312 calaguritanis
966 1241 1108 1313 justiorem
1122 1258 1193 1299 carte

112 1329 315 1380 excitationem
324 1323 403 1388 dare,
413 1341 496 1396 quam
505 1324 590 1376 solam
602 1322 735 1377 feritatem
744 1335 770 1377 et
781 1319 876 1376 odium
885 1324 1043 1397 Tentyritis,
1053 1339 1080 1380 et
1088 1347 1128 1383 vs.
1143 1333 1193 1383 106

113 1427 219 1476 -srs‚
243 1408 404 1480 sapientiam
422 1407 576 1461 Stoicorum
594 1425 608 1460 a
628 1419 707 1479 gente
728 1419 784 1461 tam
804 1408 940 1472 barbara,
962 1427 1045 1482 quam
1062 1413 1196 1485 antiqua,

113 1491 206 1545 minas
225 1489 327 1564 requiri
343 1507 435 1564 posse,
455 1507 537 1563 qnam
553 1489 589 1543 ab
604 1493 653 1556 ea',
674 1509 732 1564 qna
744 1491 787 1544 bis
801 1491 968 1563 temporibus
984 1493 1073 1560 vivat,
1095 1497 1194 1569 quibus

113 1575 200 1630 litera
212 1575 370 1630 Graecorum
381 1577 620 1647 Romanorumque
632 1574 660 1626 in
671 1593 763 1626 omnes
773 1587 857 1628 terras
867 1593 966 1649 sparsa
977 1576 1038 1630 sint.
1058 1611 1092 1620 -
1110 1581 1194 1636 Vetas

113 1659 209 1714 Sebol.
224 1665 350 1711 Vascones
361 1659 553 1730 iuterpretatur
567 1655 600 1712 de
611 1657 776 1730 Saguntinis,
790 1660 825 1713 ab
837 1659 990 1715 Hannibaie
1002 1663 1131 1730 obsessis;
1148 1666 1194 1721 de-

111 1757 211 1818 ceptus
228 1745 321 1798 forsan
332 1744 483 1798 vicinarum
501 1742 622 1815 gentiam
636 1743 753 1797 nomine.
774 1773 808 1784 —·
826 1748 962 1814 Sagsratam
974 1746 1059 1813 enim,
1072 1761 1103 1800 ut
1117 1763 1195 1804 notat

111 1827 233 1886 Schnrfl.
250 1828 389 1902 Hispaniae
405 1827 615 1880 Tarraconensis
628 1825 738 1890 civitam
757 1831 882 1879 Vascones
899 1839 988 1882 autem
1002 1829 1098 1902 populi
1112 1833 1196 1908 Pyre·

113 1915 176 1981 uei,
189 1911 439 1972 Tarraconensibus
450 1909 541 1966 ricini.
550 1911 602 1963 En.
614 1940 649 1952 -
661 1914 691 1962 Ut
697 1909 773 1977 farma
784 1923 837 1961 est:
852 1911 896 1964 cui
906 1924 988 1985 poeta
996 1913 1042 1969 vix
1053 1911 1136 1971 fidem
1145 1919 1194 1972 ha.

113 1997 208 2052 baisse
225 1994 344 2052 videtin.
365 2025 401 2036 -
415 1995 545 2047 Alimenta
559 1995 664 2061 talibus,
678 2011 759 2046 carne
771 1993 900 2047 bumana.

150 2145 223 2192 Vas.
243 2149 288 2208 94.
308 2139 448 2205 Iiiaiso,ai,
460 2153 502 2206 27,
513 2140 556 2201 46,
571 2149 612 2200 47,
624 2147 670 2200 sp,
683 2137 727 2187 58.

153 2235 227 2288 Nos.
245 2240 291 2304 94.
311 2235 435 2300 Aonias,
455 2231 554 2300 vitam,
573 2231 1004 2298 utV1,501‚et1X,ras.—-
1024 2237 1073 2286 aed
1090 2253 1153 2290 cum
1171 2258 1199 2294 rr

114 2319 259 2393 repetitur.
674 2327 676 2332 ’

152 2479 223 2526 vn.
241 2475 284 2539 9⁵·
302 2473 472 2538 nativomque
483 2470 609 2535 culmina,
625 2487 668 2538 ι9,

152 2573 228 2626 Noe.
245 2571 288 2639 95.
307 2573 422 2620 Fortunas
440 2568 533 2618 ἰιινιὶίιὶι
548 2564 651 2620 dicitur
668 2562 816 2621 secundum
834 2568 984 2638 priscorum
996 2565 1139 2623 bominum
1157 2570 1197 2624 lo·

117 2654 222 2732 quendi
236 2668 262 2708 et
273 2651 412 2727 cogitandi
425 2652 573 2715 rationem,
585 2669 640 2724 qua
652 2651 772 2706 Fortuna
781 2649 879 2722 Diique
889 2649 1003 2703 nimium
1014 2647 1138 2706 felicibus
1146 2654 1197 2709 bo·
1254 2709 1260 2714 ,

117 2743 225 2796 minum
235 2739 317 2793 rebus
326 2735 446 2790 invidere
456 2734 644 2789 credebantur.
655 2766 691 2778 -
700 2741 822 2788 Bellorum
834 2738 936 2802 airuns,
946 2745 1081 2800 extrema,
1093 2755 1197 2795 summa

116 2828 241 2903 pericula
253 2844 285 2878 ac
295 2825 385 2890 mala,
398 2835 430 2876 ut
443 2825 502 2874 belii
511 2823 591 2872 sabito
601 2822 764 2886 cellarario,
777 2837 889 2872 anamma
899 2831 926 2873 et
935 2819 1027 2873 omnia
1040 2820 1094 2874 iere
1107 2821 1197 2896 adjec-

118 2915 176 2968 tiva
186 2922 297 2973 neutra,
311 2925 396 2981 quea
409 2907 497 2979 poetis
511 2924 561 2978 pro
573 2905 747 2958 substantivis
760 2917 901 2979 ponuntur
910 2903 955 2961 vel
966 2904 1019 2972 ita,
1031 2918 1061 2960 nt
1075 2907 1132 2962 sire
1140 2908 1199 2974 baec

116 2993 287 3072 supplenda,
296 2994 352 3050 sive
361 2992 409 3046 iiia
418 2991 459 3044 bis
469 2988 701 3046 accommodanda
709 2989 771 3043 sint.

152 3172 228 3218 Vsu.
245 3170 290 3231 96.
309 3167 392 3222 Doro,
410 3165 549 3223 saltam,
567 3161 608 3212 1⁵.
622 3163 735 3214 -Vau
747 3177 790 3226 99.
805 3159 855 3226 Qui
863 3175 936 3220 anae,
951 3175 981 3208 ar
996 3177 1052 3210 am.
1067 3179 1105 3228 pr.
1118 3180 1161 3218 aa.

155 3267 229 3320 Nor.
246 3281 291 3333 97.
310 3261 385 3329 Quod
398 3277 463 3309 nanc
473 3261 565 3325 agitur,
578 3275 648 3311 ame
659 3266 834 3318 memoratur,
847 3251 882 3306 de
895 3271 949 3325 qno
962 3271 1035 3307 uunc
1048 3255 1154 3329 loquor.

156 3363 230 3416 Nm.
249 3357 292 3428 98.
312 3357 379 3419 cai,
400 3352 602 3425 ἀνθρωπιφιιγῖας
621 3351 883 3424 Calaguritanorum.
901 3379 937 3390 -
960 3354 1039 3412 Gens,
1061 3352 1198 3409 Vascones

121 3465 172 3503 sen
185 3439 380 3513 Calagurritani
398 3435 503 3491 Similia
514 3434 659 3490 traduntur
675 3433 709 3490 de
723 3433 891 3506 Saguntinis,
906 3433 1080 3488 Numantinis
1092 3449 1118 3491 et
1130 3439 1199 3494 aliis.

121 3529 236 3587 Confer.
247 3523 332 3582 Ovid.
344 3523 412 3576 Met.
422 3521 513 3587 vlu,
528 3539 580 3590 799
591 3538 645 3592 seq.
657 3520 706 3574 sii.
718 3519 763 3582 ΙΙ,
776 3521 933 3583 noſtran,
951 3527 978 3568 et
988 3516 1086 3592 cnud,
1099 3519 1130 3572 B.
1141 3520 1200 3575 Gil.

122 3617 192 3672 dou.
202 3631 244 3670 rs.
260 3629 303 3664 ar.
317 3637 353 3648 -
366 3605 446 3660 conr.
457 3622 567 3678 quoque
584 3603 793 3676 descriptionem
812 3619 828 3653 a
848 3611 968 3653 nostrate
984 3604 1094 3653 roieoirs
1108 3605 1200 3675 prola.

123 3713 182 3754 tam
192 3698 220 3752 in
232 3690 492 3763 cumiueepico,1a
502 3690 641 3752 bernado,
652 3691 692 3741 oi.
704 3690 771 3739 Χ.-
782 3685 910 3753 Quidquid
922 3685 1036 3754 cogebar,
1045 3683 1104 3738 scil.
1114 3685 1202 3744 edere.

159 3859 228 3906 Vas.
246 3871 289 3921 99.
311 3853 417 3902 Cunctas
428 3847 525 3908 aaran,
541 3851 581 3898 16.

159 3953 232 4006 Nm·-
253 3967 314 4002 too.
337 3947 416 3998 Vacnt'
430 3944 528 3995 ventris
540 3942 626 4009 fisror,
641 3951 673 3993 ut
693 3940 803 4007 improba
820 3939 914 3988 oeatn's
933 3937 1016 3988 rabies
1031 3935 1107 4009 apud
1123 3938 1199 4013 virg.

126 4031 234 4090 AEneid.
247 4032 292 4098 11,
306 4030 367 4084 356.
378 4025 456 4082 cont.
469 4023 570 4087 Atben,
583 4025 626 4090 X,
639 4041 650 4078 a
665 4024 729 4094 (3),
741 4039 804 4094 pag.
819 4029 881 4088 ιιι.

162 4195 233 4242 Van.
257 4207 314 4241 ιοι.
332 4145 431 4238 Pallon
446 4200 477 4233 oo
490 4179 570 4230 macie
587 4191 701 4232 extenues
716 4179 817 4248 quidam
833 4178 896 4232 coa
911 4178 978 4232 Pitb.
988 4204 1023 4217 -
1038 4178 1071 4231 Et
1082 4179 1199 4242 maciem,

117 4289 121 4356 ζ
132 4293 171 4348 ιο,
182 4293 223 4342 ι9,
234 4271 278 4340 ab,
290 4273 404 4338 [ιθ-49,
414 4267 527 4331 ⁵5-60,
540 4267 585 4324 64.
1012 4343 1033 4409 6

989 4365 1010 4410 2
1036 4387 1044 4408 ι
