3074 4990
503 459 686 527 SATI'RA
715 461 862 527 NONA.
1197 457 1235 521 5,

144 562 229 631 lnde
246 571 522 663 operaepretium
540 599 548 640 ε
566 575 711 670 pingues
726 577 905 671 aliquando
920 577 1085 664 lacernas,

145 674 361 745 Munimenta
379 694 482 773 togae,
500 681 576 748 duri
596 683 767 777 crassique
782 686 922 772 coloris,

143 784 185 850 Et
200 783 287 851 male
302 809 476 878 percussas
491 791 628 858 textoris
644 793 783 885 pectine
801 793 891 862 Galli
1183 806 1219 858 3ο

145 892 357 986 Accipimus,
373 909 475 964 tenue
490 914 671 991 argentum
689 925 853 996 venaeque
867 902 1032 974 secundae.

146 1004 225 1069 Fata
240 1019 364 1096 regunt
380 1005 558 1094 bomines3
576 1008 684 1078 fatum
700 1025 750 1078 est
767 1026 802 1079 et
817 1012 968 1105 partibus
985 1011 1065 1098 illis,

145 1112 236 1199 Quas
252 1115 346 1184 sinus
359 1117 556 1188 abscondit:
576 1146 655 1188 nam
671 1122 698 1189 si
714 1121 773 1191 tibi
790 1119 899 1189 sidera
915 1137 1061 1207 cessant,

145 1221 200 1291 Nil
219 1222 321 1292 faciet
337 1223 428 1319 longi
444 1253 605 1298 mensura
623 1230 798 1323 incognita
815 1230 929 1312 nervi,

145 1332 307 1419 Quamvis
321 1350 355 1403 te
372 1337 502 1406 nudum
519 1341 691 1434 spumanti
708 1340 810 1408 Virro
831 1337 952 1406 labello
1181 1357 1215 1412 35
1249 1429 1255 1439 ¹

147 1441 296 1528 Viderit,
313 1461 348 1515 et
363 1446 497 1518 blandae
514 1450 652 1525 assidue,
662 1450 841 1544 densaeque
857 1447 987 1518 tabella

145 1550 334 1623 sollicitent
350 1581 358 1622 ε
375 1560 467 1637 Αὐτὸς
483 1559 538 1654 γὰρ
553 1564 707 1654 ἐφέλκεται
722 1557 819 1656 ἄνδρα
834 1555 981 1638 κίναιδος.

145 1660 245 1747 Quod
262 1680 377 1734 tamen
391 1666 532 1736 ulterius
549 1685 760 1757 monstrum,
777 1694 878 1764 quam
894 1667 1003 1737 mollis
1017 1669 1161 1739 avarus?

147 1809 193 1824 —-
203 1775 283 1842 llaec
299 1775 420 1861 tribui;
435 1777 557 1846 deinde
571 1777 627 1846 illa
644 1778 740 1865 dedi;
758 1804 837 1847 mox
851 1777 949 1873 plura
963 1776 1086 1864 tulisti;

144 1879 158 1970 ζ
170 1883 372 1976 Computat,
388 1909 428 1954 ac
443 1883 553 1955 cevet!
567 1885 580 1981 )
596 1893 744 1981 ponatur
761 1887 929 1972 calculus;
947 1886 1058 1955 adsint
1183 1910 1219 1966 so

147 1991 231 2058 Cum
249 1992 360 2061 tabula
377 1995 488 2088 pueri,
505 2021 647 2064 numera
668 2000 818 2066 sestertia
835 1997 987 2090 quinque

145 2100 311 2172 Omnibus
329 2105 365 2172 in
382 2105 491 2174 rebus.
510 2131 519 2174 ε
536 2123 761 2175 numerentur
774 2105 897 2175 deinde
915 2106 1056 2176 labores.

144 2213 254 2278 -An
270 2209 368 2280 facile
383 2227 418 2280 et
432 2238 579 2307 pronum
596 2229 648 2283 est
663 2239 762 2308 agere
777 2215 868 2284 intra
883 2216 1012 2285 viscera
1028 2238 1154 2308 penem

144 2321 370 2413 Legitimum,
386 2339 488 2417 atque
503 2323 570 2393 illic
587 2325 754 2394 hesternae
771 2349 950 2394 occurrere
968 2323 1091 2395 coenael

141 2527 213 2582 mibi
224 2547 295 2586 vero
308 2531 387 2587 nulla
400 2531 468 2588 binc
479 2534 587 2590 laboris
599 2547 708 2591 merces
719 2532 898 2609 rependitur,
908 2531 964 2589 nisi
974 2532 1054 2607 quod
1068 2531 1215 2589 interdum

140 2621 243 2676 duram
251 2623 413 2698 pinguioris
423 2626 508 2696 lanae,
519 2636 548 2682 et
559 2627 644 2683 crassi
654 2625 708 2695 lili,
720 2626 928 2700 deterrimique
939 2625 1045 2681 coloris
1054 2626 1213 2694 lacernam,

140 2712 273 2787 imperite
281 2737 297 2770 a
307 2717 419 2773 Gallico
433 2729 546 2776 textore
560 2721 733 2788 confectam,
743 2719 774 2774 in
786 2728 860 2794 toga
871 2707 1083 2774 muniriaentum
1093 2715 1214 2791 accipio,

139 2807 284 2864 autetiam
294 2820 380 2865 tenue
391 2829 440 2866 vas
451 2813 564 2888 argenti
576 2831 630 2868 nec
640 2831 719 2868 venae
731 2810 868 2885 purioris.
881 2810 957 2866 Fatis
969 2819 1110 2884 reguntur
1117 2807 1213 2864 horni-

140 2915 205 2966 nes;
222 2897 281 2954 lata
300 2911 408 2976 negrmt
427 2902 512 2958 etiam
534 2903 683 2976 pudendos
696 2902 758 2957 illas
775 2913 870 2976 partes
884 2919 954 2975 quas
967 2899 1122 2954 anterioris
1138 2909 1214 2973 togae

138 2987 216 3044 sinus
229 2991 391 3047 abscondit.
405 2995 478 3049 Nam
494 2994 519 3050 si
534 2995 586 3049 tibi
603 3013 702 3052 aversa
718 3013 779 3050 non
793 2994 891 3049 lavent
901 2992 1012 3060 sidera,
1026 2990 1067 3045 nil
1080 2989 1213 3066 proderit

137 3082 261 3138 membri
269 3083 363 3140 virilis
374 3103 521 3154 mensura,
534 3086 602 3141 licet
614 3087 700 3159 longa
710 3097 739 3140 et
749 3084 880 3150 insolita,
896 3101 990 3156 neque
1000 3083 1052 3137 ulli
1061 3093 1127 3138 ante
1136 3082 1211 3153 visa;

136 3175 268 3246 quamvis
284 3185 312 3230 te
328 3176 439 3232 nudum
455 3177 544 3232 Virro
558 3175 721 3251 impudicus
735 3173 933 3248 spumantibus
944 3174 1032 3229 labris
1047 3172 1169 3242 viderit3
1182 3186 1217 3231 et·

137 3275 166 3319 te
174 3265 286 3322 assidue
295 3267 409 3323 blandis
417 3267 584 3342 crebrisque
596 3267 700 3324 litteris
711 3267 748 3322 ad
756 3266 907 3322 libidinem
918 3265 1132 3321 sollicitaverit:
1143 3285 1209 3321 nam

136 3355 199 3429 ipse
210 3358 335 3415 rinedus
346 3379 396 3415 sua
408 3361 454 3430 vi,
472 3371 607 3434 tanquam
622 3378 739 3435 magnes
755 3359 880 3427 ferrum,
899 3358 993 3414 virum
1008 3357 1047 3413 ad
1064 3377 1094 3414 se
1112 3360 1209 3414 trabib

138 3449 221 3518 Quid
231 3461 324 3506 tamen
336 3451 430 3525 pejus,
440 3452 512 3527 quid
520 3451 633 3526 turpius
645 3449 822 3525 similiusque
830 3461 978 3518 monstro,
987 3469 1073 3524 qnam
1084 3451 1210 3507 hominis

134 3543 245 3617 impuri
259 3555 287 3599 et
299 3543 408 3617 pathici
418 3544 536 3600 avaritia
544 3543 689 3612 i-Haec,
699 3541 810 3617 inquit,
823 3542 877 3598 tibi
887 3541 1005 3618 largitus
1015 3559 1091 3610 sum,
1103 3542 1208 3600 deinde

134 3637 184 3691 illa
197 3635 281 3704 dedi;
293 3655 363 3692 mox
379 3635 436 3692 alia
445 3639 594 3710 complura
607 3635 751 3710 accepisti,
766 3635 822 3701 sic,
837 3654 901 3709 quse
913 3633 1029 3702 tribuit,
1045 3645 1206 3710 computat,

133 3739 162 3784 et
178 3728 287 3784 interea
302 3728 419 3786 libidini
431 3729 581 3804 indulget:
594 3729 730 3797 calculos,
745 3729 900 3795 exclamat,
913 3725 1112 3797 adhibeamus,
1133 3747 1207 3802 pro*

133 3822 220 3878 deant
238 3820 316 3877 servi
332 3840 399 3877 cum
416 3821 513 3877 tabula
528 3822 725 3889 calculatona;
745 3838 810 3876 ecce
826 3829 949 3894 supputa
965 3840 972 3874 :
991 3818 1022 3874 in
1038 3819 1210 3876 universnm·

129 3913 185 3970 tibi
193 3912 252 3984 jam
262 3913 332 3969 dedi
344 3913 473 3988 quinque
484 3914 626 3984 sestertia;
638 3933 716 3970 nunc
727 3931 799 3969 vero
811 3921 1014 3969 recenseantur
1023 3913 1066 3968 tui
1079 3912 1204 3969 labores.
1321 3943 1323 3950 ⁴

128 4037 170 4048 -
180 4005 312 4080 Ecquid?
329 4024 366 4060 au
378 4005 462 4062 facile
478 4017 507 4063 et
517 4025 642 4081 pronum
657 4017 701 4064 est
715 4006 792 4062 intra
806 4005 914 4061 viscera
930 4013 976 4059 tua
997 4021 1081 4078 agere
1098 4023 1203 4078 penem

125 4099 208 4170 justa
219 4099 442 4174 magnitudinis,
459 4111 488 4156 et
505 4099 564 4156 illic
577 4099 703 4158 sordidis
716 4099 855 4154 hesterna
870 4091 956 4152 roenae
969 4095 1086 4151 faecibus
1097 4115 1203 4152 occur-
1290 4147 1293 4154 .

9 4243 10 4250 ,
128 4209 193 4249 rere
203 4192 216 4246 Ρ
227 4193 303 4250 Sane
313 4191 410 4250 minus
422 4191 523 4248 infelix
535 4191 591 4248 erit
601 4191 650 4248 ille
661 4209 774 4262 servus,
789 4189 841 4264 qui
853 4207 953 4265 agrum
966 4186 1102 4258 araverit,
1116 4207 1200 4268 quarn
