<?xml version="1.0" encoding="UTF-8"?>
<!DOCTYPE html PUBLIC "-//W3C//DTD XHTML 1.0 Transitional//EN"
    "http://www.w3.org/TR/xhtml1/DTD/xhtml1-transitional.dtd">
<html xmlns="http://www.w3.org/1999/xhtml" xml:lang="en" lang="en">
 <head>
  <title>
</title>
<meta http-equiv="Content-Type" content="text/html;charset=utf-8" />
  <meta name='ocr-system' content='tesseract 3.04.00' />
  <meta name='ocr-capabilities' content='ocr_page ocr_carea ocr_par ocr_line ocrx_word'/>
</head>
<body>
  <div class='ocr_page' id='page_1' title='image "./sexdecimsatir02lemagoog_0079.png"; bbox 0 0 3074 4990; ppageno 0'>
   <div class='ocr_carea' id='block_1_1' title="bbox 372 358 1277 442">
    <p class='ocr_par' dir='ltr' id='par_1_1' title="bbox 372 358 1277 442">
     <span class='ocr_line' id='line_1_1' title="bbox 372 358 1277 442; baseline 0.002 -1"><span class='ocrx_word' id='word_1_1' title='bbox 372 370 443 441; x_wconf 81' lang='lat' dir='ltr'><strong>os·</strong></span> <span class='ocrx_word' id='word_1_2' title='bbox 670 377 712 439; x_wconf 88' lang='lat' dir='ltr'><strong>n.</strong></span> <span class='ocrx_word' id='word_1_3' title='bbox 736 361 872 440; x_wconf 83' lang='lat' dir='ltr'><strong>suun</strong></span> <span class='ocrx_word' id='word_1_4' title='bbox 894 358 1169 442; x_wconf 71' lang='lat' dir='ltr'><strong>iuventus</strong></span> <span class='ocrx_word' id='word_1_5' title='bbox 1272 363 1277 378; x_wconf 91' lang='lat'><em>&#39;</em></span> 
     </span>
    </p>
   </div>
   <div class='ocr_carea' id='block_1_2' title="bbox 363 485 1433 2230">
    <p class='ocr_par' dir='ltr' id='par_1_2' title="bbox 371 485 1153 582">
     <span class='ocr_line' id='line_1_2' title="bbox 371 485 1153 582; baseline 0.006 -27"><span class='ocrx_word' id='word_1_6' title='bbox 371 485 515 555; x_wconf 84' lang='lat' dir='ltr'>Provida</span> <span class='ocrx_word' id='word_1_7' title='bbox 528 488 688 582; x_wconf 92' lang='lat' dir='ltr'><strong>Pompeio</strong></span> <span class='ocrx_word' id='word_1_8' title='bbox 701 486 838 556; x_wconf 84' lang='lat' dir='ltr'><strong>dederat</strong></span> <span class='ocrx_word' id='word_1_9' title='bbox 849 490 1032 581; x_wconf 81' lang='lat' dir='ltr'><strong>Campania</strong></span> <span class='ocrx_word' id='word_1_10' title='bbox 1047 491 1153 560; x_wconf 80' lang='lat' dir='ltr'>febres</span> 
     </span>
    </p>

    <p class='ocr_par' dir='ltr' id='par_1_3' title="bbox 370 595 1160 693">
     <span class='ocr_line' id='line_1_3' title="bbox 370 595 1160 693; baseline 0.005 -27"><span class='ocrx_word' id='word_1_11' title='bbox 370 597 562 693; x_wconf 83' lang='lat' dir='ltr'><strong>Optandas3</strong></span> <span class='ocrx_word' id='word_1_12' title='bbox 581 597 639 667; x_wconf 91' lang='lat' dir='ltr'><strong>sed</strong></span> <span class='ocrx_word' id='word_1_13' title='bbox 653 595 765 666; x_wconf 72' lang='lat' dir='ltr'><strong>multu</strong></span> <span class='ocrx_word' id='word_1_14' title='bbox 779 599 879 666; x_wconf 89' lang='lat' dir='ltr'><strong>urbes</strong></span> <span class='ocrx_word' id='word_1_15' title='bbox 893 614 926 667; x_wconf 90' lang='lat' dir='ltr'><strong>et</strong></span> <span class='ocrx_word' id='word_1_16' title='bbox 939 597 1071 692; x_wconf 86' lang='lat' dir='ltr'><strong>publica</strong></span> <span class='ocrx_word' id='word_1_17' title='bbox 1082 615 1160 670; x_wconf 92' lang='lat' dir='ltr'><strong>vota</strong></span> 
     </span>
    </p>

    <p class='ocr_par' dir='ltr' id='par_1_4' title="bbox 368 709 1431 911">
     <span class='ocr_line' id='line_1_4' title="bbox 369 709 1431 803; baseline -0.001 -25"><span class='ocrx_word' id='word_1_18' title='bbox 369 711 533 779; x_wconf 86' lang='lat' dir='ltr'><strong>Vicerunt</strong></span> <span class='ocrx_word' id='word_1_19' title='bbox 549 733 557 778; x_wconf 91' lang='lat'><strong>:</strong></span> <span class='ocrx_word' id='word_1_20' title='bbox 575 709 677 802; x_wconf 76' lang='lat' dir='ltr'><strong>igitur</strong></span> <span class='ocrx_word' id='word_1_21' title='bbox 692 711 841 777; x_wconf 84' lang='lat' dir='ltr'><strong>Fortuna</strong></span> <span class='ocrx_word' id='word_1_22' title='bbox 859 709 979 803; x_wconf 91' lang='lat' dir='ltr'><strong>ipsius,</strong></span> <span class='ocrx_word' id='word_1_23' title='bbox 994 724 1028 778; x_wconf 88' lang='lat' dir='ltr'><strong>et</strong></span> <span class='ocrx_word' id='word_1_24' title='bbox 1044 710 1166 797; x_wconf 85' lang='lat' dir='ltr'><strong>Urbis,</strong></span> <span class='ocrx_word' id='word_1_25' title='bbox 1379 727 1431 778; x_wconf 58' lang='grc' dir='ltr'><strong>,εἰ</strong></span> 
     </span>
     <span class='ocr_line' id='line_1_5' title="bbox 368 817 1190 911; baseline -0.002 -23"><span class='ocrx_word' id='word_1_26' title='bbox 368 821 542 888; x_wconf 87' lang='lat' dir='ltr'><strong>Servatum</strong></span> <span class='ocrx_word' id='word_1_27' title='bbox 560 819 650 887; x_wconf 88' lang='lat' dir='ltr'><strong>victo</strong></span> <span class='ocrx_word' id='word_1_28' title='bbox 668 833 769 911; x_wconf 87' lang='lat' dir='ltr'><strong>caput</strong></span> <span class='ocrx_word' id='word_1_29' title='bbox 786 817 932 887; x_wconf 84' lang='lat' dir='ltr'><strong>abstulit.</strong></span> <span class='ocrx_word' id='word_1_30' title='bbox 947 821 1023 887; x_wconf 86' lang='lat' dir='ltr'><strong>Hoc</strong></span> <span class='ocrx_word' id='word_1_31' title='bbox 1039 819 1190 888; x_wconf 90' lang='lat' dir='ltr'><strong>cruciatu</strong></span> 
     </span>
    </p>

    <p class='ocr_par' dir='ltr' id='par_1_5' title="bbox 367 926 1260 1022">
     <span class='ocr_line' id='line_1_6' title="bbox 367 926 1260 1022; baseline 0.001 -28"><span class='ocrx_word' id='word_1_32' title='bbox 367 926 546 1013; x_wconf 89' lang='lat' dir='ltr'><strong>Lentulus;</strong></span> <span class='ocrx_word' id='word_1_33' title='bbox 564 926 627 995; x_wconf 90' lang='lat' dir='ltr'><strong>hac</strong></span> <span class='ocrx_word' id='word_1_34' title='bbox 640 950 740 1019; x_wconf 88' lang='lat' dir='ltr'><strong>poena</strong></span> <span class='ocrx_word' id='word_1_35' title='bbox 754 927 876 1013; x_wconf 85' lang='lat' dir='ltr'><strong>caruit,</strong></span> <span class='ocrx_word' id='word_1_36' title='bbox 892 926 1078 1021; x_wconf 85' lang='lat' dir='ltr'>ceciditque</span> <span class='ocrx_word' id='word_1_37' title='bbox 1092 927 1260 1022; x_wconf 81' lang='lat' dir='ltr'>Cethegus</span> 
     </span>
    </p>

    <p class='ocr_par' dir='ltr' id='par_1_6' title="bbox 366 1035 1097 1132">
     <span class='ocr_line' id='line_1_7' title="bbox 366 1035 1097 1132; baseline 0.001 -27"><span class='ocrx_word' id='word_1_38' title='bbox 366 1041 516 1132; x_wconf 82' lang='lat' dir='ltr'><strong>integer3</strong></span> <span class='ocrx_word' id='word_1_39' title='bbox 530 1052 564 1106; x_wconf 92' lang='lat' dir='ltr'><strong>et</strong></span> <span class='ocrx_word' id='word_1_40' title='bbox 572 1037 679 1130; x_wconf 89' lang='lat' dir='ltr'><strong>jacuit</strong></span> <span class='ocrx_word' id='word_1_41' title='bbox 688 1035 831 1106; x_wconf 84' lang='lat' dir='ltr'><strong>Catilina</strong></span> <span class='ocrx_word' id='word_1_42' title='bbox 844 1035 1004 1106; x_wconf 84' lang='lat' dir='ltr'><strong>cadavere</strong></span> <span class='ocrx_word' id='word_1_43' title='bbox 1015 1053 1097 1106; x_wconf 89' lang='lat' dir='ltr'><strong>toto.</strong></span> 
     </span>
    </p>

    <p class='ocr_par' dir='ltr' id='par_1_7' title="bbox 365 1143 1432 1569">
     <span class='ocr_line' id='line_1_8' title="bbox 393 1143 1245 1242; baseline 0.002 -28"><span class='ocrx_word' id='word_1_44' title='bbox 393 1175 397 1182; x_wconf 94' lang='lat'><em>·</em></span> <span class='ocrx_word' id='word_1_45' title='bbox 413 1151 567 1216; x_wconf 89' lang='lat' dir='ltr'><strong>Formam</strong></span> <span class='ocrx_word' id='word_1_46' title='bbox 582 1143 676 1240; x_wconf 85' lang='lat' dir='ltr'><strong>optat</strong></span> <span class='ocrx_word' id='word_1_47' title='bbox 691 1146 826 1215; x_wconf 92' lang='lat' dir='ltr'><strong>modico</strong></span> <span class='ocrx_word' id='word_1_48' title='bbox 840 1147 969 1240; x_wconf 87' lang='lat' dir='ltr'><strong>pueris,</strong></span> <span class='ocrx_word' id='word_1_49' title='bbox 986 1149 1113 1240; x_wconf 87' lang='lat' dir='ltr'><strong>majore</strong></span> <span class='ocrx_word' id='word_1_50' title='bbox 1128 1147 1245 1242; x_wconf 85' lang='lat' dir='ltr'><strong>puellis</strong></span> 
     </span>
     <span class='ocr_line' id='line_1_9' title="bbox 365 1256 1432 1351; baseline -0.004 -25"><span class='ocrx_word' id='word_1_51' title='bbox 365 1259 559 1345; x_wconf 89' lang='lat' dir='ltr'><strong>Murmure,</strong></span> <span class='ocrx_word' id='word_1_52' title='bbox 577 1282 680 1351; x_wconf 87' lang='lat' dir='ltr'><strong>quum</strong></span> <span class='ocrx_word' id='word_1_53' title='bbox 694 1257 834 1326; x_wconf 90' lang='lat' dir='ltr'><strong>Veneris</strong></span> <span class='ocrx_word' id='word_1_54' title='bbox 853 1257 968 1325; x_wconf 82' lang='lat' dir='ltr'><strong>fanum</strong></span> <span class='ocrx_word' id='word_1_55' title='bbox 987 1256 1080 1326; x_wconf 87' lang='lat' dir='ltr'><strong>videt</strong></span> <span class='ocrx_word' id='word_1_56' title='bbox 1097 1258 1193 1326; x_wconf 86' lang='lat' dir='ltr'><strong>anxia</strong></span> <span class='ocrx_word' id='word_1_57' title='bbox 1210 1273 1326 1342; x_wconf 85' lang='lat' dir='ltr'><strong>mater,</strong></span> <span class='ocrx_word' id='word_1_58' title='bbox 1379 1288 1432 1338; x_wconf 74' lang='lat'><strong>290</strong></span> 
     </span>
     <span class='ocr_line' id='line_1_10' title="bbox 366 1367 1307 1464; baseline 0.001 -28"><span class='ocrx_word' id='word_1_59' title='bbox 366 1369 480 1463; x_wconf 89' lang='lat' dir='ltr'><strong>Usque</strong></span> <span class='ocrx_word' id='word_1_60' title='bbox 492 1368 535 1436; x_wconf 91' lang='lat' dir='ltr'><strong>ad</strong></span> <span class='ocrx_word' id='word_1_61' title='bbox 553 1367 688 1436; x_wconf 90' lang='lat' dir='ltr'><strong>delicias</strong></span> <span class='ocrx_word' id='word_1_62' title='bbox 704 1382 871 1436; x_wconf 88' lang='lat' dir='ltr'><strong>votorum.</strong></span> <span class='ocrx_word' id='word_1_63' title='bbox 888 1369 1019 1436; x_wconf 93' lang='lat' dir='ltr'><strong>-Cur</strong></span> <span class='ocrx_word' id='word_1_64' title='bbox 1035 1383 1164 1454; x_wconf 92' lang='lat' dir='ltr'><strong>tamen,</strong></span> <span class='ocrx_word' id='word_1_65' title='bbox 1181 1369 1307 1464; x_wconf 89' lang='lat' dir='ltr'><strong>inquit,</strong></span> 
     </span>
     <span class='ocr_line' id='line_1_11' title="bbox 365 1472 1135 1569; baseline 0 -24"><span class='ocrx_word' id='word_1_66' title='bbox 365 1473 555 1569; x_wconf 83' lang='lat' dir='ltr'><strong>Corripias?</strong></span> <span class='ocrx_word' id='word_1_67' title='bbox 572 1473 713 1568; x_wconf 86' lang='lat' dir='ltr'><strong>pulchra</strong></span> <span class='ocrx_word' id='word_1_68' title='bbox 730 1472 853 1565; x_wconf 84' lang='lat' dir='ltr'><strong>gaudet</strong></span> <span class='ocrx_word' id='word_1_69' title='bbox 869 1475 1000 1543; x_wconf 83' lang='lat' dir='ltr'><strong>Latona</strong></span> <span class='ocrx_word' id='word_1_70' title='bbox 1016 1476 1135 1546; x_wconf 90' lang='lat' dir='ltr'><strong>Diana.</strong></span> 
     </span>
    </p>

    <p class='ocr_par' dir='ltr' id='par_1_8' title="bbox 365 1581 1187 1678">
     <span class='ocr_line' id='line_1_12' title="bbox 365 1581 1187 1678; baseline 0 -24"><span class='ocrx_word' id='word_1_71' title='bbox 365 1604 413 1640; x_wconf 61' lang='lat'><strong>—1</strong></span> <span class='ocrx_word' id='word_1_72' title='bbox 423 1585 488 1654; x_wconf 89' lang='lat' dir='ltr'><strong>Sed</strong></span> <span class='ocrx_word' id='word_1_73' title='bbox 505 1597 592 1652; x_wconf 89' lang='lat' dir='ltr'><strong>vetat</strong></span> <span class='ocrx_word' id='word_1_74' title='bbox 605 1583 713 1675; x_wconf 89' lang='lat' dir='ltr'><strong>optari</strong></span> <span class='ocrx_word' id='word_1_75' title='bbox 730 1581 849 1650; x_wconf 85' lang='lat' dir='ltr'><strong>faeiem</strong></span> <span class='ocrx_word' id='word_1_76' title='bbox 862 1584 1036 1671; x_wconf 87' lang='lat' dir='ltr'><strong>Lucretia,</strong></span> <span class='ocrx_word' id='word_1_77' title='bbox 1056 1583 1187 1678; x_wconf 90' lang='lat' dir='ltr'><strong>qualem</strong></span> 
     </span>
    </p>

    <p class='ocr_par' dir='ltr' id='par_1_9' title="bbox 363 1689 1215 1789">
     <span class='ocr_line' id='line_1_13' title="bbox 363 1689 1215 1789; baseline 0.001 -27"><span class='ocrx_word' id='word_1_78' title='bbox 363 1697 439 1789; x_wconf 83' lang='lat' dir='ltr'><strong>ipsa</strong></span> <span class='ocrx_word' id='word_1_79' title='bbox 452 1694 593 1762; x_wconf 90' lang='lat' dir='ltr'><strong>habuit:</strong></span> <span class='ocrx_word' id='word_1_80' title='bbox 609 1705 747 1786; x_wconf 90' lang='lat' dir='ltr'><strong>cuperet</strong></span> <span class='ocrx_word' id='word_1_81' title='bbox 761 1689 883 1760; x_wconf 85' lang='lat' dir='ltr'><strong>Rutilae</strong></span> <span class='ocrx_word' id='word_1_82' title='bbox 898 1692 1054 1786; x_wconf 84' lang='lat' dir='ltr'><strong>Virginia</strong></span> <span class='ocrx_word' id='word_1_83' title='bbox 1073 1695 1215 1788; x_wconf 85' lang='lat' dir='ltr'><strong>gibbum</strong></span> 
     </span>
    </p>

    <p class='ocr_par' dir='ltr' id='par_1_10' title="bbox 364 1799 1433 2008">
     <span class='ocr_line' id='line_1_14' title="bbox 367 1799 1433 1897; baseline -0.002 -25"><span class='ocrx_word' id='word_1_84' title='bbox 367 1805 548 1897; x_wconf 83' lang='lat' dir='ltr'><strong>Accipere,</strong></span> <span class='ocrx_word' id='word_1_85' title='bbox 560 1816 660 1896; x_wconf 86' lang='lat' dir='ltr'><strong>atque</strong></span> <span class='ocrx_word' id='word_1_86' title='bbox 672 1826 765 1870; x_wconf 90' lang='lat' dir='ltr'><strong>suam</strong></span> <span class='ocrx_word' id='word_1_87' title='bbox 776 1799 897 1870; x_wconf 79' lang='lat' dir='ltr'><strong>Rutilae</strong></span> <span class='ocrx_word' id='word_1_88' title='bbox 912 1801 1000 1870; x_wconf 87' lang='lat' dir='ltr'><strong>dare.</strong></span> <span class='ocrx_word' id='word_1_89' title='bbox 1014 1801 1119 1873; x_wconf 86' lang='lat' dir='ltr'><strong>Filius</strong></span> <span class='ocrx_word' id='word_1_90' title='bbox 1132 1819 1240 1874; x_wconf 88' lang='lat' dir='ltr'><strong>autem</strong></span> <span class='ocrx_word' id='word_1_91' title='bbox 1380 1817 1433 1886; x_wconf 79' lang='lat'><strong>295</strong></span> 
     </span>
     <span class='ocr_line' id='line_1_15' title="bbox 364 1911 1210 2008; baseline -0.001 -25"><span class='ocrx_word' id='word_1_92' title='bbox 364 1915 524 2008; x_wconf 83' lang='lat' dir='ltr'><strong>Corporis</strong></span> <span class='ocrx_word' id='word_1_93' title='bbox 537 1911 660 2006; x_wconf 84' lang='lat' dir='ltr'><strong>egregii</strong></span> <span class='ocrx_word' id='word_1_94' title='bbox 676 1911 814 1978; x_wconf 85' lang='lat' dir='ltr'><strong>miseros</strong></span> <span class='ocrx_word' id='word_1_95' title='bbox 827 1911 1040 2005; x_wconf 89' lang='lat' dir='ltr'><strong>trepidosque</strong></span> <span class='ocrx_word' id='word_1_96' title='bbox 1057 1927 1210 2006; x_wconf 90' lang='lat' dir='ltr'><strong>parentes</strong></span> 
     </span>
    </p>

    <p class='ocr_par' dir='ltr' id='par_1_11' title="bbox 364 2017 1263 2118">
     <span class='ocr_line' id='line_1_16' title="bbox 364 2017 1263 2118; baseline 0 -26"><span class='ocrx_word' id='word_1_97' title='bbox 364 2025 504 2118; x_wconf 85' lang='lat' dir='ltr'><strong>Semper</strong></span> <span class='ocrx_word' id='word_1_98' title='bbox 517 2022 618 2091; x_wconf 92' lang='lat' dir='ltr'><strong>habet</strong></span> <span class='ocrx_word' id='word_1_99' title='bbox 638 2047 646 2088; x_wconf 92' lang='lat'>:</span> <span class='ocrx_word' id='word_1_100' title='bbox 669 2044 743 2088; x_wconf 86' lang='lat' dir='ltr'><strong>rara</strong></span> <span class='ocrx_word' id='word_1_101' title='bbox 761 2034 810 2088; x_wconf 90' lang='lat' dir='ltr'><strong>est</strong></span> <span class='ocrx_word' id='word_1_102' title='bbox 825 2017 906 2088; x_wconf 89' lang='lat' dir='ltr'><strong>adeo</strong></span> <span class='ocrx_word' id='word_1_103' title='bbox 923 2022 1102 2090; x_wconf 89' lang='lat' dir='ltr'><strong>concordia</strong></span> <span class='ocrx_word' id='word_1_104' title='bbox 1117 2019 1232 2092; x_wconf 81' lang='lat' dir='ltr'><strong>formae</strong></span> <span class='ocrx_word' id='word_1_105' title='bbox 1262 2061 1263 2064; x_wconf 35' lang='lat'>¹</span> 
     </span>
    </p>

    <p class='ocr_par' dir='ltr' id='par_1_12' title="bbox 364 2129 1201 2230">
     <span class='ocr_line' id='line_1_17' title="bbox 364 2129 1201 2230; baseline 0.001 -27"><span class='ocrx_word' id='word_1_106' title='bbox 364 2137 476 2230; x_wconf 85' lang='lat' dir='ltr'><strong>Atque</strong></span> <span class='ocrx_word' id='word_1_107' title='bbox 494 2129 683 2229; x_wconf 75' lang='lat' dir='ltr'><strong>pudicitie!</strong></span> <span class='ocrx_word' id='word_1_108' title='bbox 702 2145 833 2202; x_wconf 87' lang='lat' dir='ltr'><strong>sanctos</strong></span> <span class='ocrx_word' id='word_1_109' title='bbox 848 2131 925 2202; x_wconf 90' lang='lat' dir='ltr'><strong>licet</strong></span> <span class='ocrx_word' id='word_1_110' title='bbox 939 2134 1076 2204; x_wconf 89' lang='lat' dir='ltr'><strong>horrida</strong></span> <span class='ocrx_word' id='word_1_111' title='bbox 1091 2159 1201 2204; x_wconf 90' lang='lat' dir='ltr'><strong>mores</strong></span> 
     </span>
    </p>
   </div>
   <div class='ocr_carea' id='block_1_3' title="bbox 362 2338 1475 3425">
    <p class='ocr_par' dir='ltr' id='par_1_13' title="bbox 362 2338 1475 3425">
     <span class='ocr_line' id='line_1_18' title="bbox 365 2338 1433 2418; baseline 0.003 -23"><span class='ocrx_word' id='word_1_112' title='bbox 365 2338 482 2396; x_wconf 84' lang='lat' dir='ltr'><strong>tonibus</strong></span> <span class='ocrx_word' id='word_1_113' title='bbox 495 2339 736 2414; x_wconf 77' lang='lat' dir='ltr'><strong>triumphaverat,</strong></span> <span class='ocrx_word' id='word_1_114' title='bbox 752 2339 878 2396; x_wconf 84' lang='lat' dir='ltr'><strong>animam</strong></span> <span class='ocrx_word' id='word_1_115' title='bbox 894 2341 974 2398; x_wconf 80' lang='lat' dir='ltr'><strong>velut</strong></span> <span class='ocrx_word' id='word_1_116' title='bbox 987 2352 1120 2399; x_wconf 81' lang='lat' dir='ltr'><strong>ovantem</strong></span> <span class='ocrx_word' id='word_1_117' title='bbox 1133 2341 1320 2416; x_wconf 75' lang='lat' dir='ltr'><strong>exspirasset?</strong></span> <span class='ocrx_word' id='word_1_118' title='bbox 1336 2343 1433 2418; x_wconf 79' lang='lat' dir='ltr'><strong>Expe-</strong></span> 
     </span>
     <span class='ocr_line' id='line_1_19' title="bbox 366 2431 1433 2512; baseline 0.004 -24"><span class='ocrx_word' id='word_1_119' title='bbox 366 2431 451 2488; x_wconf 88' lang='lat' dir='ltr'><strong>tenda</strong></span> <span class='ocrx_word' id='word_1_120' title='bbox 464 2433 557 2489; x_wconf 80' lang='lat' dir='ltr'><strong>fuerat</strong></span> <span class='ocrx_word' id='word_1_121' title='bbox 578 2433 627 2488; x_wconf 83' lang='lat' dir='ltr'><strong>illa</strong></span> <span class='ocrx_word' id='word_1_122' title='bbox 639 2431 777 2507; x_wconf 83' lang='lat' dir='ltr'><strong>Pompeio</strong></span> <span class='ocrx_word' id='word_1_123' title='bbox 795 2431 897 2503; x_wconf 84' lang='lat' dir='ltr'><strong>febris,</strong></span> <span class='ocrx_word' id='word_1_124' title='bbox 916 2453 994 2508; x_wconf 81' lang='lat' dir='ltr'><strong>quae,</strong></span> <span class='ocrx_word' id='word_1_125' title='bbox 1013 2445 1149 2510; x_wconf 80' lang='lat' dir='ltr'><strong>tanquam</strong></span> <span class='ocrx_word' id='word_1_126' title='bbox 1165 2433 1357 2492; x_wconf 79' lang='lat' dir='ltr'><strong>calamitatum</strong></span> <span class='ocrx_word' id='word_1_127' title='bbox 1374 2437 1433 2512; x_wconf 74' lang='lat' dir='ltr'><strong>ipsi</strong></span> 
     </span>
     <span class='ocr_line' id='line_1_20' title="bbox 364 2525 1429 2602; baseline 0.005 -20"><span class='ocrx_word' id='word_1_128' title='bbox 364 2526 589 2601; x_wconf 86' lang='lat' dir='ltr'><strong>impendentium</strong></span> <span class='ocrx_word' id='word_1_129' title='bbox 599 2525 731 2600; x_wconf 78' lang='lat' dir='ltr'><strong>praescia,</strong></span> <span class='ocrx_word' id='word_1_130' title='bbox 745 2526 876 2582; x_wconf 87' lang='lat' dir='ltr'><strong>eumdem</strong></span> <span class='ocrx_word' id='word_1_131' title='bbox 890 2527 919 2580; x_wconf 91' lang='lat' dir='ltr'><strong>in</strong></span> <span class='ocrx_word' id='word_1_132' title='bbox 934 2528 1086 2602; x_wconf 79' lang='lat' dir='ltr'><strong>Campania</strong></span> <span class='ocrx_word' id='word_1_133' title='bbox 1100 2537 1263 2584; x_wconf 84' lang='lat' dir='ltr'><strong>morantem</strong></span> <span class='ocrx_word' id='word_1_134' title='bbox 1275 2527 1429 2586; x_wconf 81' lang='lat' dir='ltr'><strong>invaserat.</strong></span> 
     </span>
     <span class='ocr_line' id='line_1_21' title="bbox 364 2615 1430 2694; baseline 0.003 -19"><span class='ocrx_word' id='word_1_135' title='bbox 364 2617 423 2675; x_wconf 86' lang='lat' dir='ltr'><strong>Sed</strong></span> <span class='ocrx_word' id='word_1_136' title='bbox 445 2627 514 2672; x_wconf 87' lang='lat' dir='ltr'><strong>vota</strong></span> <span class='ocrx_word' id='word_1_137' title='bbox 532 2615 657 2672; x_wconf 79' lang='lat' dir='ltr'><strong>infelicia</strong></span> <span class='ocrx_word' id='word_1_138' title='bbox 677 2616 867 2690; x_wconf 77' lang='lat' dir='ltr'><strong>plurimarum</strong></span> <span class='ocrx_word' id='word_1_139' title='bbox 888 2617 1021 2690; x_wconf 88' lang='lat' dir='ltr'><strong>urbium,</strong></span> <span class='ocrx_word' id='word_1_140' title='bbox 1043 2630 1072 2674; x_wconf 90' lang='lat' dir='ltr'><strong>et</strong></span> <span class='ocrx_word' id='word_1_141' title='bbox 1092 2619 1195 2694; x_wconf 88' lang='lat' dir='ltr'><strong>populi</strong></span> <span class='ocrx_word' id='word_1_142' title='bbox 1212 2619 1430 2693; x_wconf 79' lang='lat' dir='ltr'><strong>benevolentia,</strong></span> 
     </span>
     <span class='ocr_line' id='line_1_22' title="bbox 363 2706 1429 2786; baseline 0.004 -20"><span class='ocrx_word' id='word_1_143' title='bbox 363 2710 490 2783; x_wconf 83' lang='lat' dir='ltr'><strong>Superos</strong></span> <span class='ocrx_word' id='word_1_144' title='bbox 509 2727 565 2783; x_wconf 91' lang='lat' dir='ltr'><strong>pro</strong></span> <span class='ocrx_word' id='word_1_145' title='bbox 586 2707 647 2782; x_wconf 77' lang='lat' dir='ltr'><strong>ejus</strong></span> <span class='ocrx_word' id='word_1_146' title='bbox 665 2706 861 2767; x_wconf 86' lang='lat' dir='ltr'><strong>incolumitate</strong></span> <span class='ocrx_word' id='word_1_147' title='bbox 885 2710 1111 2784; x_wconf 82' lang='lat' dir='ltr'><strong>comprecantis,</strong></span> <span class='ocrx_word' id='word_1_148' title='bbox 1135 2723 1220 2786; x_wconf 90' lang='lat' dir='ltr'><strong>atque</strong></span> <span class='ocrx_word' id='word_1_149' title='bbox 1240 2711 1312 2768; x_wconf 85' lang='lat' dir='ltr'><strong>adeo</strong></span> <span class='ocrx_word' id='word_1_150' title='bbox 1334 2713 1429 2770; x_wconf 79' lang='lat' dir='ltr'><strong>latum</strong></span> 
     </span>
     <span class='ocr_line' id='line_1_23' title="bbox 363 2798 1431 2876; baseline 0.004 -20"><span class='ocrx_word' id='word_1_151' title='bbox 363 2800 514 2874; x_wconf 88' lang='lat' dir='ltr'><strong>Pompeio,</strong></span> <span class='ocrx_word' id='word_1_152' title='bbox 525 2810 554 2856; x_wconf 88' lang='lat' dir='ltr'><strong>et</strong></span> <span class='ocrx_word' id='word_1_153' title='bbox 562 2799 661 2855; x_wconf 85' lang='lat' dir='ltr'><strong>Romae</strong></span> <span class='ocrx_word' id='word_1_154' title='bbox 671 2798 827 2870; x_wconf 83' lang='lat' dir='ltr'><strong>infensum,</strong></span> <span class='ocrx_word' id='word_1_155' title='bbox 837 2819 853 2855; x_wconf 88' lang='lat' dir='ltr'><strong>a</strong></span> <span class='ocrx_word' id='word_1_156' title='bbox 863 2799 926 2856; x_wconf 83' lang='lat' dir='ltr'><strong>Diis</strong></span> <span class='ocrx_word' id='word_1_157' title='bbox 935 2800 1139 2876; x_wconf 85' lang='lat' dir='ltr'><strong>impetrarunt,</strong></span> <span class='ocrx_word' id='word_1_158' title='bbox 1148 2814 1182 2859; x_wconf 88' lang='lat' dir='ltr'><strong>nt</strong></span> <span class='ocrx_word' id='word_1_159' title='bbox 1192 2821 1227 2859; x_wconf 91' lang='lat' dir='ltr'><strong>eo</strong></span> <span class='ocrx_word' id='word_1_160' title='bbox 1234 2803 1340 2860; x_wconf 89' lang='lat' dir='ltr'><strong>morbo</strong></span> <span class='ocrx_word' id='word_1_161' title='bbox 1348 2805 1431 2860; x_wconf 78' lang='lat' dir='ltr'><strong>lera-</strong></span> 
     </span>
     <span class='ocr_line' id='line_1_24' title="bbox 365 2891 1428 2970; baseline 0.002 -20"><span class='ocrx_word' id='word_1_162' title='bbox 365 2904 454 2962; x_wconf 89' lang='lat' dir='ltr'><strong>retur,</strong></span> <span class='ocrx_word' id='word_1_163' title='bbox 468 2909 570 2966; x_wconf 87' lang='lat' dir='ltr'><strong>nempe</strong></span> <span class='ocrx_word' id='word_1_164' title='bbox 583 2902 642 2947; x_wconf 85' lang='lat' dir='ltr'><strong>uta</strong></span> <span class='ocrx_word' id='word_1_165' title='bbox 656 2891 766 2947; x_wconf 69' lang='lat' dir='ltr'><strong>Caesare</strong></span> <span class='ocrx_word' id='word_1_166' title='bbox 783 2891 954 2961; x_wconf 87' lang='lat' dir='ltr'><strong>debellatus,</strong></span> <span class='ocrx_word' id='word_1_167' title='bbox 969 2892 1061 2968; x_wconf 89' lang='lat' dir='ltr'><strong>capite</strong></span> <span class='ocrx_word' id='word_1_168' title='bbox 1073 2903 1273 2952; x_wconf 85' lang='lat' dir='ltr'><strong>truncaretur:</strong></span> <span class='ocrx_word' id='word_1_169' title='bbox 1286 2913 1344 2970; x_wconf 93' lang='lat' dir='ltr'><strong>quo</strong></span> <span class='ocrx_word' id='word_1_170' title='bbox 1354 2913 1428 2952; x_wconf 84' lang='lat' dir='ltr'><strong>oru—</strong></span> 
     </span>
     <span class='ocr_line' id='line_1_25' title="bbox 364 2983 1429 3064; baseline 0.007 -25"><span class='ocrx_word' id='word_1_171' title='bbox 364 2985 455 3052; x_wconf 86' lang='lat' dir='ltr'><strong>ciatu,</strong></span> <span class='ocrx_word' id='word_1_172' title='bbox 467 3003 526 3058; x_wconf 87' lang='lat' dir='ltr'><strong>qno</strong></span> <span class='ocrx_word' id='word_1_173' title='bbox 540 2983 682 3058; x_wconf 83' lang='lat' dir='ltr'><strong>supplicio</strong></span> <span class='ocrx_word' id='word_1_174' title='bbox 698 2983 817 3040; x_wconf 74' lang='lat' dir='ltr'><strong>affectus</strong></span> <span class='ocrx_word' id='word_1_175' title='bbox 830 2997 946 3042; x_wconf 83' lang='lat' dir='ltr'><strong>nonest</strong></span> <span class='ocrx_word' id='word_1_176' title='bbox 959 2987 1109 3057; x_wconf 67' lang='lat' dir='ltr'><strong>Lentulum</strong></span> <span class='ocrx_word' id='word_1_177' title='bbox 1121 3007 1181 3044; x_wconf 92' lang='lat' dir='ltr'><strong>nou</strong></span> <span class='ocrx_word' id='word_1_178' title='bbox 1198 2989 1353 3064; x_wconf 75' lang='lat' dir='ltr'><strong>Cethegus,</strong></span> <span class='ocrx_word' id='word_1_179' title='bbox 1364 3007 1429 3046; x_wconf 89' lang='lat' dir='ltr'><strong>non</strong></span> 
     </span>
     <span class='ocr_line' id='line_1_26' title="bbox 365 3074 1475 3153; baseline 0.005 -21"><span class='ocrx_word' id='word_1_180' title='bbox 365 3074 499 3143; x_wconf 85' lang='lat' dir='ltr'><strong>Catilina,</strong></span> <span class='ocrx_word' id='word_1_181' title='bbox 514 3075 565 3149; x_wconf 89' lang='lat' dir='ltr'><strong>qui</strong></span> <span class='ocrx_word' id='word_1_182' title='bbox 582 3075 658 3130; x_wconf 89' lang='lat' dir='ltr'><strong>nulla</strong></span> <span class='ocrx_word' id='word_1_183' title='bbox 673 3075 803 3150; x_wconf 82' lang='lat' dir='ltr'><strong>eorporis</strong></span> <span class='ocrx_word' id='word_1_184' title='bbox 816 3088 897 3151; x_wconf 83' lang='lat' dir='ltr'><strong>parte</strong></span> <span class='ocrx_word' id='word_1_185' title='bbox 908 3079 1021 3149; x_wconf 69' lang='lat' dir='ltr'><strong>auulsa,</strong></span> <span class='ocrx_word' id='word_1_186' title='bbox 1032 3078 1139 3152; x_wconf 83' lang='lat' dir='ltr'><strong>integri</strong></span> <span class='ocrx_word' id='word_1_187' title='bbox 1151 3080 1308 3153; x_wconf 79' lang='lat' dir='ltr'><strong>perienmt.</strong></span> <span class='ocrx_word' id='word_1_188' title='bbox 1398 3111 1419 3126; x_wconf 60' lang='grc'><strong>-’</strong></span> <span class='ocrx_word' id='word_1_189' title='bbox 1469 3112 1475 3126; x_wconf 86' lang='lat'>·</span> 
     </span>
     <span class='ocr_line' id='line_1_27' title="bbox 379 3167 1429 3247; baseline 0.006 -24"><span class='ocrx_word' id='word_1_190' title='bbox 379 3189 381 3194; x_wconf 94' lang='lat'>·</span> <span class='ocrx_word' id='word_1_191' title='bbox 404 3167 471 3242; x_wconf 79' lang='lat'><strong>289.</strong></span> <span class='ocrx_word' id='word_1_192' title='bbox 492 3169 587 3222; x_wconf 84' lang='lat' dir='ltr'><strong>Mater</strong></span> <span class='ocrx_word' id='word_1_193' title='bbox 595 3167 695 3238; x_wconf 83' lang='lat' dir='ltr'><strong>anxia,</strong></span> <span class='ocrx_word' id='word_1_194' title='bbox 708 3169 820 3242; x_wconf 85' lang='lat' dir='ltr'><strong>quoties</strong></span> <span class='ocrx_word' id='word_1_195' title='bbox 831 3172 969 3245; x_wconf 86' lang='lat' dir='ltr'><strong>templum</strong></span> <span class='ocrx_word' id='word_1_196' title='bbox 978 3171 1100 3235; x_wconf 79' lang='lat' dir='ltr'><strong>Veneris</strong></span> <span class='ocrx_word' id='word_1_197' title='bbox 1110 3169 1247 3242; x_wconf 87' lang='lat' dir='ltr'><strong>intuetur,</strong></span> <span class='ocrx_word' id='word_1_198' title='bbox 1259 3171 1333 3228; x_wconf 83' lang='lat' dir='ltr'><strong>filios</strong></span> <span class='ocrx_word' id='word_1_199' title='bbox 1344 3183 1429 3247; x_wconf 86' lang='lat' dir='ltr'><strong>optat</strong></span> 
     </span>
     <span class='ocr_line' id='line_1_28' title="bbox 363 3255 1427 3337; baseline 0.008 -24"><span class='ocrx_word' id='word_1_200' title='bbox 363 3259 518 3325; x_wconf 77' lang='lat' dir='ltr'><strong>formosos,</strong></span> <span class='ocrx_word' id='word_1_201' title='bbox 540 3255 613 3312; x_wconf 80' lang='lat' dir='ltr'><strong>lilius</strong></span> <span class='ocrx_word' id='word_1_202' title='bbox 630 3257 719 3333; x_wconf 75' lang='lat' dir='ltr'><strong>magia</strong></span> <span class='ocrx_word' id='word_1_203' title='bbox 734 3259 890 3316; x_wconf 83' lang='lat' dir='ltr'><strong>formosas:</strong></span> <span class='ocrx_word' id='word_1_204' title='bbox 906 3279 961 3334; x_wconf 92' lang='lat' dir='ltr'><strong>pro</strong></span> <span class='ocrx_word' id='word_1_205' title='bbox 980 3261 1035 3316; x_wconf 83' lang='lat' dir='ltr'><strong>illis</strong></span> <span class='ocrx_word' id='word_1_206' title='bbox 1052 3280 1140 3335; x_wconf 85' lang='lat' dir='ltr'><strong>parva</strong></span> <span class='ocrx_word' id='word_1_207' title='bbox 1153 3281 1239 3332; x_wconf 83' lang='lat' dir='ltr'><strong>voce,</strong></span> <span class='ocrx_word' id='word_1_208' title='bbox 1255 3262 1306 3320; x_wconf 85' lang='lat' dir='ltr'><strong>sed</strong></span> <span class='ocrx_word' id='word_1_209' title='bbox 1321 3264 1427 3337; x_wconf 84' lang='lat' dir='ltr'><strong>majori</strong></span> 
     </span>
     <span class='ocr_line' id='line_1_29' title="bbox 362 3349 1428 3425; baseline 0.007 -19"><span class='ocrx_word' id='word_1_210' title='bbox 362 3369 417 3424; x_wconf 92' lang='lat' dir='ltr'><strong>pro</strong></span> <span class='ocrx_word' id='word_1_211' title='bbox 432 3349 476 3406; x_wconf 85' lang='lat' dir='ltr'><strong>his</strong></span> <span class='ocrx_word' id='word_1_212' title='bbox 490 3359 637 3423; x_wconf 63' lang='lat' dir='ltr'><strong>precatum</strong></span> <span class='ocrx_word' id='word_1_213' title='bbox 656 3366 709 3405; x_wconf 89' lang='lat' dir='ltr'><strong>uec</strong></span> <span class='ocrx_word' id='word_1_214' title='bbox 724 3351 843 3406; x_wconf 87' lang='lat' dir='ltr'><strong>modum</strong></span> <span class='ocrx_word' id='word_1_215' title='bbox 862 3351 892 3406; x_wconf 91' lang='lat' dir='ltr'><strong>in</strong></span> <span class='ocrx_word' id='word_1_216' title='bbox 913 3352 988 3408; x_wconf 84' lang='lat' dir='ltr'><strong>votis</strong></span> <span class='ocrx_word' id='word_1_217' title='bbox 1003 3353 1095 3408; x_wconf 88' lang='lat' dir='ltr'><strong>ullum</strong></span> <span class='ocrx_word' id='word_1_218' title='bbox 1110 3365 1197 3411; x_wconf 87' lang='lat' dir='ltr'><strong>tenet.</strong></span> <span class='ocrx_word' id='word_1_219' title='bbox 1208 3387 1247 3409; x_wconf 54' lang='grc'><strong>,-</strong></span> <span class='ocrx_word' id='word_1_220' title='bbox 1260 3356 1339 3425; x_wconf 90' lang='lat' dir='ltr'><strong>Quid</strong></span> <span class='ocrx_word' id='word_1_221' title='bbox 1360 3357 1428 3414; x_wconf 77' lang='lat' dir='ltr'><strong>vitii</strong></span> 
     </span>
    </p>
   </div>
   <div class='ocr_carea' id='block_1_4' title="bbox 255 3439 1428 3520">
    <p class='ocr_par' dir='ltr' id='par_1_14' title="bbox 255 3439 1428 3520">
     <span class='ocr_line' id='line_1_30' title="bbox 255 3439 1428 3520; baseline 0.009 -27"><span class='ocrx_word' id='word_1_222' title='bbox 255 3483 258 3493; x_wconf 87' lang='lat'>.</span> <span class='ocrx_word' id='word_1_223' title='bbox 362 3454 462 3499; x_wconf 81' lang='lat' dir='ltr'><strong>votum</strong></span> <span class='ocrx_word' id='word_1_224' title='bbox 471 3441 543 3498; x_wconf 84' lang='lat' dir='ltr'><strong>istuc</strong></span> <span class='ocrx_word' id='word_1_225' title='bbox 553 3439 658 3496; x_wconf 83' lang='lat' dir='ltr'><strong>habet?</strong></span> <span class='ocrx_word' id='word_1_226' title='bbox 672 3459 725 3498; x_wconf 89' lang='lat' dir='ltr'><strong>cur</strong></span> <span class='ocrx_word' id='word_1_227' title='bbox 735 3460 781 3497; x_wconf 87' lang='lat' dir='ltr'><strong>me</strong></span> <span class='ocrx_word' id='word_1_228' title='bbox 795 3443 1006 3518; x_wconf 79' lang='lat' dir='ltr'><strong>reprehendas?</strong></span> <span class='ocrx_word' id='word_1_229' title='bbox 1020 3444 1114 3520; x_wconf 89' lang='lat' dir='ltr'><strong>inquit</strong></span> <span class='ocrx_word' id='word_1_230' title='bbox 1125 3445 1171 3502; x_wconf 87' lang='lat' dir='ltr'><strong>illa</strong></span> <span class='ocrx_word' id='word_1_231' title='bbox 1185 3464 1303 3503; x_wconf 85' lang='lat' dir='ltr'><strong>:nonne</strong></span> <span class='ocrx_word' id='word_1_232' title='bbox 1314 3449 1428 3506; x_wconf 83' lang='lat' dir='ltr'><strong>Latona</strong></span> 
     </span>
    </p>
   </div>
   <div class='ocr_carea' id='block_1_5' title="bbox 350 3521 1428 4167">
    <p class='ocr_par' dir='ltr' id='par_1_15' title="bbox 350 3521 1428 4167">
     <span class='ocr_line' id='line_1_31' title="bbox 360 3521 1428 3612; baseline 0.001 -21"><span class='ocrx_word' id='word_1_233' title='bbox 360 3521 490 3610; x_wconf 77' lang='lat' dir='ltr'><strong>magnam</strong></span> <span class='ocrx_word' id='word_1_234' title='bbox 510 3553 526 3588; x_wconf 88' lang='lat' dir='ltr'><strong>e</strong></span> <span class='ocrx_word' id='word_1_235' title='bbox 545 3530 643 3589; x_wconf 81' lang='lat' dir='ltr'><strong>Dianae</strong></span> <span class='ocrx_word' id='word_1_236' title='bbox 658 3533 872 3605; x_wconf 88' lang='lat' dir='ltr'><strong>pulchritudine</strong></span> <span class='ocrx_word' id='word_1_237' title='bbox 890 3536 1065 3608; x_wconf 82' lang='lat' dir='ltr'><strong>voluptatem</strong></span> <span class='ocrx_word' id='word_1_238' title='bbox 1088 3547 1118 3592; x_wconf 87' lang='lat' dir='ltr'><strong>et</strong></span> <span class='ocrx_word' id='word_1_239' title='bbox 1132 3537 1254 3611; x_wconf 83' lang='lat' dir='ltr'><strong>gloriam</strong></span> <span class='ocrx_word' id='word_1_240' title='bbox 1274 3537 1369 3612; x_wconf 79' lang='lat' dir='ltr'><strong>capiti</strong></span> <span class='ocrx_word' id='word_1_241' title='bbox 1386 3569 1428 3580; x_wconf 91' lang='lat'><em>-</em></span> 
     </span>
     <span class='ocr_line' id='line_1_32' title="bbox 359 3621 1428 3704; baseline 0.004 -23"><span class='ocrx_word' id='word_1_242' title='bbox 359 3628 483 3695; x_wconf 79' lang='lat' dir='ltr'><strong>Fateor3</strong></span> <span class='ocrx_word' id='word_1_243' title='bbox 505 3632 534 3678; x_wconf 87' lang='lat' dir='ltr'><strong>at</strong></span> <span class='ocrx_word' id='word_1_244' title='bbox 551 3621 686 3680; x_wconf 88' lang='lat' dir='ltr'><strong>Lucretia</strong></span> <span class='ocrx_word' id='word_1_245' title='bbox 703 3622 877 3681; x_wconf 88' lang='lat' dir='ltr'><strong>documento</strong></span> <span class='ocrx_word' id='word_1_246' title='bbox 893 3636 949 3696; x_wconf 85' lang='lat' dir='ltr'><strong>eat,</strong></span> <span class='ocrx_word' id='word_1_247' title='bbox 970 3644 1055 3699; x_wconf 87' lang='lat' dir='ltr'><strong>quam</strong></span> <span class='ocrx_word' id='word_1_248' title='bbox 1073 3627 1232 3702; x_wconf 84' lang='lat' dir='ltr'><strong>periculosa</strong></span> <span class='ocrx_word' id='word_1_249' title='bbox 1248 3629 1284 3685; x_wconf 84' lang='lat' dir='ltr'><strong>sit</strong></span> <span class='ocrx_word' id='word_1_250' title='bbox 1304 3629 1428 3704; x_wconf 84' lang='lat' dir='ltr'><strong>insignis</strong></span> 
     </span>
     <span class='ocr_line' id='line_1_33' title="bbox 358 3713 1428 3796; baseline 0.007 -25"><span class='ocrx_word' id='word_1_251' title='bbox 358 3713 499 3790; x_wconf 86' lang='lat' dir='ltr'><strong>ejusmodi</strong></span> <span class='ocrx_word' id='word_1_252' title='bbox 520 3715 720 3790; x_wconf 89' lang='lat' dir='ltr'><strong>pulchritudo,</strong></span> <span class='ocrx_word' id='word_1_253' title='bbox 736 3717 847 3789; x_wconf 86' lang='lat' dir='ltr'><strong>qualem</strong></span> <span class='ocrx_word' id='word_1_254' title='bbox 864 3716 924 3791; x_wconf 91' lang='lat' dir='ltr'><strong>ipsa</strong></span> <span class='ocrx_word' id='word_1_255' title='bbox 946 3717 1046 3774; x_wconf 85' lang='lat' dir='ltr'><strong>habuit</strong></span> <span class='ocrx_word' id='word_1_256' title='bbox 1059 3740 1066 3775; x_wconf 90' lang='lat'>:</span> <span class='ocrx_word' id='word_1_257' title='bbox 1078 3739 1134 3776; x_wconf 88' lang='lat' dir='ltr'><strong>nec</strong></span> <span class='ocrx_word' id='word_1_258' title='bbox 1154 3719 1282 3796; x_wconf 86' lang='lat' dir='ltr'><strong>Virginia</strong></span> <span class='ocrx_word' id='word_1_259' title='bbox 1298 3721 1428 3780; x_wconf 87' lang='lat' dir='ltr'><strong>libenter</strong></span> 
     </span>
     <span class='ocr_line' id='line_1_34' title="bbox 359 3795 1426 3884; baseline 0.004 -18"><span class='ocrx_word' id='word_1_260' title='bbox 359 3808 417 3866; x_wconf 73' lang='lat' dir='ltr'><strong>ora</strong></span> <span class='ocrx_word' id='word_1_261' title='bbox 438 3805 665 3882; x_wconf 63' lang='lat' dir='ltr'><strong>satagentem</strong></span> <span class='ocrx_word' id='word_1_262' title='bbox 681 3825 746 3864; x_wconf 78' lang='lat' dir='ltr'><strong>cum</strong></span> <span class='ocrx_word' id='word_1_263' title='bbox 759 3809 863 3864; x_wconf 69' lang='lat' dir='ltr'><strong>nunu</strong></span> <span class='ocrx_word' id='word_1_264' title='bbox 878 3795 967 3884; x_wconf 78' lang='lat' dir='ltr'><strong>gibbo</strong></span> <span class='ocrx_word' id='word_1_265' title='bbox 983 3831 1042 3867; x_wconf 72' lang='lat' dir='ltr'><strong>non</strong></span> <span class='ocrx_word' id='word_1_266' title='bbox 1058 3823 1191 3868; x_wconf 66' lang='lat' dir='ltr'><strong>muniet.</strong></span> <span class='ocrx_word' id='word_1_267' title='bbox 1206 3813 1295 3868; x_wconf 70' lang='lat' dir='ltr'><strong>ratius</strong></span> <span class='ocrx_word' id='word_1_268' title='bbox 1310 3813 1426 3871; x_wconf 72' lang='lat' dir='ltr'><strong>liberati</strong></span> 
     </span>
     <span class='ocr_line' id='line_1_35' title="bbox 359 3898 1424 3978; baseline 0.007 -22"><span class='ocrx_word' id='word_1_269' title='bbox 359 3911 388 3956; x_wconf 85' lang='lat' dir='ltr'><strong>et</strong></span> <span class='ocrx_word' id='word_1_270' title='bbox 402 3901 520 3956; x_wconf 84' lang='lat' dir='ltr'><strong>honesta</strong></span> <span class='ocrx_word' id='word_1_271' title='bbox 542 3898 612 3954; x_wconf 78' lang='lat' dir='ltr'><strong>facie</strong></span> <span class='ocrx_word' id='word_1_272' title='bbox 633 3899 770 3974; x_wconf 76' lang='lat' dir='ltr'><strong>praeditus</strong></span> <span class='ocrx_word' id='word_1_273' title='bbox 787 3899 950 3958; x_wconf 82' lang='lat' dir='ltr'><strong>continuam</strong></span> <span class='ocrx_word' id='word_1_274' title='bbox 970 3904 1137 3978; x_wconf 83' lang='lat' dir='ltr'><strong>parentibus</strong></span> <span class='ocrx_word' id='word_1_275' title='bbox 1154 3904 1376 3962; x_wconf 88' lang='lat' dir='ltr'><strong>sollicitudiuem</strong></span> <span class='ocrx_word' id='word_1_276' title='bbox 1393 3919 1424 3963; x_wconf 86' lang='lat' dir='ltr'><strong>et</strong></span> 
     </span>
     <span class='ocr_line' id='line_1_36' title="bbox 357 3989 1422 4067; baseline 0.005 -21"><span class='ocrx_word' id='word_1_277' title='bbox 357 4002 464 4046; x_wconf 87' lang='lat' dir='ltr'><strong>metum</strong></span> <span class='ocrx_word' id='word_1_278' title='bbox 477 3989 580 4045; x_wconf 81' lang='lat' dir='ltr'><strong>affert:</strong></span> <span class='ocrx_word' id='word_1_279' title='bbox 592 3991 698 4064; x_wconf 79' lang='lat' dir='ltr'><strong>quippe</strong></span> <span class='ocrx_word' id='word_1_280' title='bbox 712 4011 780 4048; x_wconf 81' lang='lat' dir='ltr'><strong>raro</strong></span> <span class='ocrx_word' id='word_1_281' title='bbox 796 4005 979 4049; x_wconf 82' lang='lat' dir='ltr'><strong>venustatem</strong></span> <span class='ocrx_word' id='word_1_282' title='bbox 993 4013 1057 4050; x_wconf 84' lang='lat' dir='ltr'><strong>cum</strong></span> <span class='ocrx_word' id='word_1_283' title='bbox 1069 3995 1211 4067; x_wconf 78' lang='lat' dir='ltr'><strong>pudicitia</strong></span> <span class='ocrx_word' id='word_1_284' title='bbox 1220 3995 1355 4065; x_wconf 83' lang='lat' dir='ltr'><strong>junctam</strong></span> <span class='ocrx_word' id='word_1_285' title='bbox 1371 4014 1422 4051; x_wconf 81' lang='lat' dir='ltr'><strong>re-</strong></span> 
     </span>
     <span class='ocr_line' id='line_1_37' title="bbox 350 4080 1423 4167; baseline 0.008 -32"><span class='ocrx_word' id='word_1_286' title='bbox 350 4085 461 4160; x_wconf 71' lang='lat' dir='ltr'><strong>perias.</strong></span> <span class='ocrx_word' id='word_1_287' title='bbox 480 4080 617 4150; x_wconf 78' lang='lat' dir='ltr'><strong>Quamvis</strong></span> <span class='ocrx_word' id='word_1_288' title='bbox 634 4100 707 4155; x_wconf 85' lang='lat' dir='ltr'><strong>puer</strong></span> <span class='ocrx_word' id='word_1_289' title='bbox 724 4083 841 4157; x_wconf 87' lang='lat' dir='ltr'><strong>optimis</strong></span> <span class='ocrx_word' id='word_1_290' title='bbox 858 4085 987 4144; x_wconf 90' lang='lat' dir='ltr'><strong>imbutus</strong></span> <span class='ocrx_word' id='word_1_291' title='bbox 1001 4085 1131 4142; x_wconf 89' lang='lat' dir='ltr'><strong>moribus</strong></span> <span class='ocrx_word' id='word_1_292' title='bbox 1137 4106 1146 4157; x_wconf 90' lang='lat'>;</span> <span class='ocrx_word' id='word_1_293' title='bbox 1159 4087 1288 4167; x_wconf 75' lang='lat' dir='ltr'><strong>quamtis</strong></span> <span class='ocrx_word' id='word_1_294' title='bbox 1306 4087 1423 4144; x_wconf 83' lang='lat' dir='ltr'><strong>domes—</strong></span> 
     </span>
    </p>
   </div>
   <div class='ocr_carea' id='block_1_6' title="bbox 0 0 1542 4990">
    <p class='ocr_par' dir='ltr' id='par_1_16' title="bbox 0 0 1542 4990">
     <span class='ocr_line' id='line_1_38' title="bbox 0 0 1542 4990; baseline 0 4"><span class='ocrx_word' id='word_1_295' title='bbox 0 0 1542 4990; x_wconf 95' lang='lat' dir='ltr'><strong> </strong></span> 
     </span>
    </p>
   </div>
  </div>
 </body>
</html>
