3074 4990
384 714 698 842 SATIRA
734 717 981 835 NONA.

621 1017 745 1031 m

386 1268 404 1330 J
412 1265 693 1346 UVENALIS,
719 1263 986 1337 NAEVOLUS.

566 1453 807 1504 sttvnttffls.

157 1575 297 1698 Scins
315 1623 434 1711 velim,
452 1649 555 1720 quare
572 1626 672 1694 toties
689 1626 790 1712 mihi,
807 1629 965 1717 Nevolc,
982 1627 1085 1702 tristis

157 1739 322 1806 Occurres
340 1735 457 1804 fronte
472 1735 634 1821 obductu,
649 1757 712 1804 ceu
731 1737 867 1832 Marsya
883 1740 1003 1810 victus.

155 1845 245 1934 Quid
265 1846 327 1914 tibi
344 1871 423 1914 cum
440 1845 555 1931 vultu,
570 1845 704 1940 qualem
719 1845 905 1941 deprensus
919 1849 1066 1920 habebat

158 1953 299 2038 Rauola,
319 1954 402 2024 dum
420 1955 605 2050 Rhodopes
619 1955 686 2023 uda
702 1957 782 2024 terit
798 1957 938 2052 inguina
953 1958 1077 2028 barbe?

159 2068 227 2137 Nos
242 2064 425 2159 colaphum
444 2065 627 2134 incutimus
644 2064 806 2134 lambenti
824 2067 974 2134 crustula
987 2091 1094 2137 servo.
1208 2068 1227 2136 '5

158 2178 237 2246 Non
251 2190 323 2243 erat
340 2175 403 2243 buc
420 2173 507 2242 lucie
523 2173 748 2244 miserabilior
761 2176 964 2270 Crepereius

159 2285 281 2370 Pollio,
298 2284 357 2376 qui
373 2282 541 2378 triplicem
558 2306 695 2350 usurum
711 2297 869 2376 praesture
885 2298 1022 2378 paratus

158 2394 306 2479 Circuit,
322 2407 358 2461 et
371 2391 483 2460 fatuos
500 2417 570 2460 uon
587 2391 742 2460 invenit:
757 2391 848 2460 unde
867 2407 1008 2486 repente

160 2505 225 2571 Tot
243 2501 357 2597 rugae?
372 2515 463 2570 certe
480 2500 615 2569 modico
632 2515 813 2570 contentus
828 2501 951 2598 agebas

160 2614 310 2681 Vernam
328 2612 494 2706 equitem,
511 2610 654 2678 conviva
666 2610 746 2701 joco
763 2609 941 2678 mordente
958 2609 1104 2696 facetus,
1204 2643 1236 2680 ιο

453 2859 564 2896 stetu
580 2859 668 2897 ΝΟΜ
683 2856 941 2900 sternumento.

420 2991 707 3061 JUVENALIS,
744 2991 977 3048 NAEVOLUS.

205 3132 230 3167 1.
251 3128 316 3166 suv.
338 3111 366 3167 0
380 3109 514 3176 Naevole,
529 3107 602 3164 scire
612 3106 740 3181 cupiam,
754 3107 944 3180 quemobrem
955 3107 1039 3165 toties
1051 3109 1155 3167 obvius
1166 3114 1239 3170 mibi

162 3204 201 3262 sis
212 3215 327 3260 maestus
338 3213 368 3258 et
379 3202 489 3275 dejecta
501 3211 706 3272 contractaque
715 3198 828 3264 fronte,
840 3199 920 3256 velut
932 3201 1051 3276 Satyrus
1063 3203 1191 3278 Marsyas
1201 3205 1239 3261 ab

165 3297 299 3372 Apolline
316 3305 485 3370 superatum
499 3311 551 3349 cur
562 3293 649 3348 habes
662 3291 772 3348 tristem
786 3291 914 3362 vultum,
928 3292 1042 3364 qualem
1055 3293 1104 3350 ille
1116 3296 1240 3369 Revols,

169 3388 218 3462 qui
229 3387 423 3463 deprehensus
435 3384 509 3454 tuit,
522 3403 611 3458 quum
625 3382 746 3458 inguine
759 3382 919 3440 meretricis
930 3385 1088 3458 erodopes
1101 3386 1242 3446 lumbes-et

168 3492 199 3537 et
210 3481 320 3538 madida
334 3481 424 3536 barbe
440 3478 567 3536 tereret?
580 3496 633 3534 nec
647 3477 794 3532 immerito
809 3475 920 3544 timuit;
933 3491 1056 3550 nemque
1068 3495 1122 3531 nos
1137 3495 1238 3552 servo,

166 3572 218 3647 qui
226 3572 326 3628 lambit
338 3581 451 3627 tantum
460 3570 603 3637 crustulo,
615 3569 752 3641 colaphos
763 3566 959 3643 impingimus.
970 3569 1037 3624 Non
1046 3567 1099 3624 hec
1109 3579 1157 3626 tue
1167 3570 1241 3630 fecie

166 3663 360 3720 miserabilior
378 3662 435 3718 fuit
448 3659 619 3736 Crepereius
634 3658 744 3730 Pollio,
759 3677 849 3734 quum
864 3658 949 3714 auxie
963 3659 1132 3733 queritans,
1148 3682 1164 3718 e
1180 3683 1240 3738 quo

165 3755 316 3830 pecuniam
330 3765 526 3823 mutuaretur,
537 3747 740 3827 pollicitusque
755 3771 872 3810 usuram
887 3751 975 3825 triplo
991 3751 1129 3824 majorem
1141 3756 1241 3828 solite,

165 3848 312 3904 nminem
325 3859 421 3906 nmen
434 3845 544 3920 reperit
552 3846 625 3902 odeo
636 3847 755 3902 stultum
766 3887 775 3916 ‚
786 3857 820 3902 ut
827 3845 881 3919 ipsi
894 3863 953 3900 non
963 3846 1095 3902 soluturo
1107 3866 1241 3907 nummos
1340 3917 1343 3922 ¹

166 3939 235 3996 dere
247 3952 364 3997 mutuos
380 3938 460 3996 velit.
478 3937 564 3994 Unde
578 3938 632 3994 tibi
646 3949 691 3994 tot
706 3957 785 4014 rugae
802 3949 920 4011 repente
931 3939 1092 3994 venerumt?
1104 3941 1240 4000 hactenus

164 4032 286 4107 quidem
306 4051 398 4106 parvo
417 4041 570 4088 contentus
588 4050 710 4087 vernum
730 4031 857 4105 equitem
874 4030 1045 4096 exhibebas,
1062 4041 1091 4086 et
1108 4033 1242 4090 convivio

161 4123 237 4198 iocis
246 4123 451 4183 mordentibus
462 4123 619 4200 teretisque
630 4124 735 4181 salibus
744 4123 820 4195 intra
830 4123 929 4180 Rome
938 4121 1041 4180 moenie
1049 4121 1137 4194 uatis,
1146 4123 1240 4194 idest,

1068 4235 1096 4274 r.
