3074 4990
498 405 678 472 SATIRA
701 405 904 475 DECIMA.
1188 416 1230 482 63
1264 477 1266 486 ,

161 519 201 584 lu
216 516 333 587 vetula
346 518 465 616 scalpit
476 519 545 612 jam
561 534 669 588 mater
685 521 782 590 simia
794 523 909 593 bucca.
1181 545 1230 613 195

160 625 311 698 Plurima
325 646 405 716 sunt
416 631 581 724 juvenum
596 629 810 700 discrimina:
825 632 1001 727 pulchrior
1014 635 1069 705 ille

156 741 248 826 Hoc,
263 757 367 836 atque
379 740 434 810 ille
446 740 528 830 alio;
542 739 689 810 multum
700 741 758 811 hic
773 743 942 812 robustior
955 743 1024 817 illo.

156 850 235 918 Una
248 875 370 920 senum
384 850 502 939 facies3
519 876 597 920 curn
612 875 696 920 voce
710 853 888 920 trementia
902 855 1068 941 membra,

154 959 278 1052 Etjatn
289 959 363 1030 leve
374 976 491 1056 caput,
504 960 699 1056 madidique
715 961 858 1032 infantia
868 965 939 1034 nasi
954 991 962 1032 ε

153 1070 375 1166 Frangendus
388 1072 510 1141 misero
527 1072 663 1167 gingiva
680 1071 776 1166 panis
793 1071 937 1142 inerrni:

154 1179 273 1274 Usque
285 1180 372 1250 adeo
385 1183 494 1275 gravis
506 1182 625 1268 uxori,
639 1181 809 1275 natisque,
823 1181 966 1278 sibique,

153 1287 204 1356 Ut
216 1291 383 1385 captatori
394 1307 526 1360 moveat
537 1290 668 1361 fastidia
681 1287 802 1362 Cosso!

153 1401 235 1470 Non
251 1399 369 1469 eadem
388 1402 459 1469 vini
476 1417 577 1498 atque
593 1402 676 1479 cibi.
692 1417 848 1498 torpente
863 1403 990 1500 palato,

154 1510 292 1578 Gaudia
307 1537 314 1578 :
329 1535 409 1580 nam
425 1513 533 1580 coitus
544 1513 614 1605 jarn
629 1511 730 1607 longa
748 1513 897 1601 oblivio;
916 1513 968 1583 vel
981 1516 1009 1582 si

152 1621 316 1706 Generis,
329 1622 420 1714 jacet
434 1620 573 1715 exiguus
589 1647 666 1692 cum
684 1625 808 1693 ramice
823 1649 966 1706 nervus,
1179 1643 1228 1694 206

153 1733 216 1814 Et,
236 1733 386 1825 quemvis
402 1746 474 1801 tota
489 1730 646 1828 palpetur
659 1748 776 1820 nocte,
794 1734 930 1828 jacebit.

152 1843 253 1908 Anne
270 1840 398 1936 aliquid
411 1866 543 1937 sperare
559 1858 670 1937 potest
684 1843 757 1913 haec
774 1844 922 1938 inguinis
935 1845 1015 1938 aegri

87 1957 89 1960 ’
152 1948 316 2020 Canities!
332 1951 429 2046 quid,
442 1953 533 2047 quod
545 1954 667 2022 merito
681 1969 833 2049 suspecta
846 1955 951 2024 libido
965 1969 1029 2040 est,

154 2060 240 2148 Qute
255 2061 420 2129 Venerem
436 2061 574 2132 affectat
587 2064 659 2132 sine
673 2063 824 2134 viribus?
840 2065 986 2162 Adspice
1002 2067 1105 2160 partis

149 2173 186 2240 N
188 2196 255 2239 unc
270 2170 431 2239 damnum
447 2170 584 2241 alterius
601 2199 608 2242 :
628 2197 707 2242 narn
722 2201 797 2268 quae
812 2191 969 2244 cantante
985 2175 1156 2270 voluptas,
1173 2209 1223 2244 ιω

146 2280 198 2348 Sit
214 2279 294 2348 licet
308 2278 449 2348 eximius
463 2279 685 2367 citharoedus,
703 2283 788 2351 sitve
807 2282 980 2368 Seleucus,

144 2483 273 2541 candido
286 2497 366 2555 cute;
379 2503 465 2560 genas
481 2485 635 2560 pendulas,
658 2497 688 2543 et
706 2487 828 2544 stdcatas
844 2486 937 2562 rugis,
959 2487 1057 2562 quales
1074 2489 1104 2544 in
1117 2501 1229 2548 vetusta

143 2577 237 2633 bucca
250 2577 352 2652 scalpit
362 2577 459 2634 senior
469 2577 564 2647 simia,
577 2577 753 2652 jampridem
764 2589 866 2648 mater,
878 2577 932 2634 sub
944 2577 1009 2634 letis
1023 2579 1227 2656 umbrosisque

142 2671 283 2726 Tabracae
298 2669 426 2727 saltibus.
437 2670 563 2726 Juveues
574 2669 624 2726 clii
638 2670 694 2726 alia
709 2669 779 2727 dote
791 2670 869 2726 inter
879 2688 909 2726 se
923 2680 990 2726 sunt
1004 2670 1171 2742 dissimiles3
1180 2673 1227 2730 hic

141 2762 195 2818 illo
204 2761 367 2818 formosior
371 2782 380 2832 ;
391 2761 441 2818 ille
450 2762 509 2817 ulio
518 2760 626 2818 fortior
634 2771 663 2818 et
671 2759 816 2817 valentior
825 2773 867 2820 est
879 2779 997 2818 :senum
1006 2762 1137 2818 omniurn
1148 2761 1226 2820 idem

142 2863 188 2908 eet
202 2853 320 2924 vultus,
333 2853 433 2910 eadem
449 2851 634 2923 difformitas,
648 2851 748 2909 eedem
766 2852 856 2910 totius
871 2853 1003 2928 corporis
1022 2853 1225 2912 incommoda:

140 2963 202 3001 vox
214 2965 283 3002 cum
297 2946 386 3004 labris
398 2945 510 3018 tremit3
525 2955 612 3022 ceput
622 2946 688 3021 pilis
700 2955 833 3015 exuturum
842 2964 946 3014 nesus,
957 2964 1041 3002 more
1053 2945 1224 3015 infantium,

142 3037 181 3092 ab
195 3037 321 3096 humore
334 3049 478 3112 perpetuo
492 3035 637 3095 defluente
655 3037 789 3108 madeus3
804 3037 1044 3094 comminuendus
1062 3038 1093 3094 in
1106 3041 1226 3113 parvula

142 3129 234 3186 frusta
249 3127 349 3205 punis,
365 3147 451 3204 quem
466 3130 527 3206 ipse
539 3130 642 3205 nequit
650 3129 785 3205 frangere
796 3129 835 3184 ob
848 3128 978 3205 gingivas
991 3129 1127 3187 dentibus
1139 3130 1226 3187 desti·
1325 3187 1332 3198 ,

144 3237 239 3283 tutes:
252 3227 392 3283 molestus
408 3225 543 3302 conjugi,
555 3225 672 3296 liberis,
685 3224 756 3294 sibi,
774 3224 848 3280 adeo
858 3235 893 3280 ut
908 3224 963 3299 ipsi
978 3226 1083 3295 Cosso,
1100 3226 1151 3301 qui
1165 3225 1226 3300 ejus

145 3318 335 3376 hereditatem
345 3329 453 3394 captat,
464 3337 598 3376 nauseam
608 3318 784 3392 taediumque
795 3316 896 3391 pariet.
908 3318 977 3372 Non
986 3317 1143 3374 eumdeme
1154 3318 1224 3373 vino

145 3409 323 3488 dapibusque
334 3412 529 3486 vobrptatem,
538 3411 619 3469 senio
629 3409 764 3468 videlicet
773 3407 902 3482 palatum
912 3408 1075 3478 hebetante,
1085 3407 1223 3482 percipit:

143 3523 212 3561 nam
228 3507 321 3562 coitus
336 3507 516 3582 voluptatem
533 3505 705 3581 jamdudum
722 3502 830 3558 oblitus
844 3513 906 3559 est:
922 3501 1034 3558 etiarnsi
1054 3501 1168 3558 coneris
1188 3501 1226 3558 ed

141 3599 221 3655 illem
239 3617 380 3656 revocare
400 3600 536 3676 exiguum
551 3599 640 3675 ipsius
655 3597 838 3672 debilemque
857 3614 999 3666 nervum,
1015 3594 1090 3669 jacet
1103 3614 1168 3654 cum
1182 3616 1227 3654 ra-

141 3691 216 3749 mice
228 3703 257 3749 et
269 3711 387 3770 semper
396 3692 519 3766 jacebit,
535 3692 667 3768 quamvis
680 3711 734 3767 per
748 3699 841 3746 totam
855 3697 971 3745 noctem
986 3687 1132 3763 pelpondo
1146 3689 1225 3746 solli-

139 3783 255 3840 citetur.
278 3789 327 3842 An
348 3803 463 3862 sperare
483 3783 594 3859 aliquid
614 3793 711 3859 potest
734 3799 823 3839 canus
843 3780 894 3836 ille
911 3798 997 3836 senex
1017 3800 1084 3836 cum
1105 3781 1225 3858 inguine

138 3878 278 3934 mortuo?
293 3888 434 3952 praeterea
451 3877 501 3954 qui
519 3877 582 3934 siue
596 3876 709 3932 viribus
724 3892 861 3932 venerem
877 3871 1062 3929 libidinosam
1080 3884 1222 3941 sectatur,

136 3968 245 4025 ruerito
254 3979 403 4044 suspectus
417 3981 468 4026 est.
481 3971 567 4026 Nunc
573 3968 716 4042 jacturam
727 3965 846 4024 ulterius
856 3984 965 4036 sensus,
977 3965 1086 4022 scilicet
1096 3964 1221 4032 auditus,

136 4061 254 4136 adspice
264 4083 272 4120 τ
281 4081 350 4118 nem
362 4081 427 4139 quae
434 4063 569 4138 voluptas
580 4060 670 4118 surdo
681 4059 793 4136 percipi
804 4069 900 4135 potest
911 4077 947 4114 ex
957 4057 1089 4114 cantibus
1101 4057 1222 4127 eximiis,

137 4151 208 4210 licet
221 4153 357 4232 egregius
368 4155 559 4228 citharoedus,
570 4155 618 4210 vel
630 4153 691 4229 ipse
705 4163 789 4211 canat
800 4153 948 4224 Seleucus,
964 4151 1011 4207 vel
1021 4150 1065 4206 illi
1076 4149 1219 4219 tibicines,
