2992 4984
314 371 378 436 310
434 331 437 336 ’
607 372 648 436 n.
671 370 801 435 sunu
823 369 1092 438 Jovannms

212 489 216 496 ’
312 487 432 580 Longa
445 485 506 554 tibi
522 500 600 580 post
616 486 688 556 baec
705 484 776 555 fato
794 481 930 556 meliore
947 485 1128 574 dabuntur,

291 659 294 666 .
312 598 349 668 Si
360 609 496 665 ¹tantum
513 595 593 665 culti
612 595 702 665 solus
719 595 905 690 possederis
920 598 1009 692 agri,

310 705 484 794 Quantum
502 706 564 775 sub
580 707 678 775 Tatio
698 703 843 799 populus
861 709 1035 778 Romanus
1050 707 1175 777 arabat
1333 721 1378 772 rso
1486 779 1487 783 ,

360 818 444 884 Mox
458 816 561 887 etiarn
575 815 688 885 fractis
702 831 813 902 aetate,
829 841 868 886 ac
881 816 1009 886 Punica
1023 818 1129 911 passis

314 922 444 1011 Praelia,
459 923 509 993 vel
524 925 692 1019 Pyrrhum
707 926 886 994 immanem
901 923 1097 1020 gladiosque
1111 923 1298 1010 Molossos,

311 1034 460 1103 Tandem
476 1059 539 1129 pro
555 1033 668 1103 multis
681 1035 737 1104 vix
747 1034 867 1130 jugera
879 1036 959 1104 bina
974 1035 1143 1107 dabantur

310 1141 516 1214 'Vulneribus
530 1170 538 1220 ς
556 1169 685 1215 merces
701 1170 743 1214 ea
756 1147 929 1242 sanguinis
942 1161 1044 1242 atque
1057 1145 1179 1216 laboris

311 1253 419 1324 Nullis
435 1254 505 1324 visa
521 1279 681 1350 umquam
695 1256 821 1326 meritis
835 1257 961 1344 minor,
975 1272 1034 1326 aut
1047 1258 1185 1352 ingrate
1336 1275 1380 1327 165

272 1393 276 1406 ·
312 1367 419 1436 Curta
435 1364 520 1436 fides
537 1367 675 1460 patriae:
696 1366 866 1436 saturabat
879 1365 1012 1462 glebula
1027 1365 1101 1436 talis
1209 1348 1215 1366 ⁸

310 1477 442 1545 Patrem
458 1477 568 1570 ipsum
581 1477 782 1572 turbamque
795 1501 893 1562 casae,
910 1500 979 1572 qua
993 1476 1060 1547 seta
1070 1477 1204 1571 jacebat

311 1585 417 1673 Uxor,
434 1601 468 1656 et
485 1585 631 1655 infantes
649 1583 810 1656 ludebant
826 1601 984 1680 quatuor,
1006 1611 1094 1658 unus

310 1694 477 1784 Vemula,
493 1712 561 1766 tres
575 1696 724 1766 domini:
744 1696 802 1765 sed
816 1698 946 1791 magnis
959 1695 1118 1766 fratribus
1132 1695 1257 1764 borum

310 1807 471 1878 Ascrobe
484 1806 535 1877 vel
549 1805 642 1877 sulco
656 1807 887 1893 redeuntibus,
906 1806 1013 1876 altem
1027 1831 1123 1876 coena
1338 1838 1383 1890 170

312 1915 479 2013 Amplior,
498 1933 531 1987 et
549 1918 692 2015 grandes
710 1917 888 1988 fumabant
901 1913 1052 2010 pultibus
1069 1913 1152 1984 otta.

311 2027 415 2097 Nunc
430 2027 549 2096 modus
564 2029 623 2097 hic
637 2029 710 2124 agri
725 2043 842 2098 nostro
857 2051 929 2095 non
946 2023 1073 2094 sufficit
1087 2024 1199 2094 horto.

311 2135 396 2208 Inde
410 2135 479 2206 fere
493 2135 653 2207 scelerum
669 2162 806 2224 caussae,
819 2159 885 2206 nec
900 2133 998 2230 plura
1011 2158 1143 2204 venena

310 2245 465 2331 Miscuit,
478 2261 536 2315 aut
548 2247 640 2318 ferro
654 2260 824 2341 grassatur
837 2245 956 2338 saepius
969 2241 1075 2313 ullum

308 2357 473 2428 Humanae
490 2358 612 2426 mentis
624 2357 761 2444 vitium,
779 2380 879 2451 quam
893 2378 980 2426 sceva
992 2351 1119 2447 cupido
1337 2373 1385 2437 ¹7⁵

308 2583 355 2630 tos
382 2572 517 2632 habueris
540 2573 635 2643 solus,
657 2581 781 2648 quantos
806 2569 920 2648 integer
945 2571 1072 2646 populus
1096 2571 1245 2628 Romanus
1267 2567 1385 2637 arabat,

309 2685 401 2742 quum
413 2665 514 2722 Tatius
529 2664 644 2731 Sabinis
659 2663 848 2740 imperitaret.

350 2757 415 2814 161.
436 2759 505 2814 Non
521 2757 615 2814 multo
637 2767 704 2832 post
725 2756 799 2813 illud
822 2766 951 2830 ternpus,
969 2754 1112 2812 militibus
1126 2753 1268 2812 Romanis
1287 2753 1387 2812 tractis

309 2859 411 2922 aetate,
431 2861 587 2926 postquam
604 2850 801 2908 sustinuerant
820 2849 895 2906 bella
914 2849 1033 2925 punica,
1056 2849 1218 2924 impetusve
1239 2848 1388 2906 terribiles

308 2943 415 3018 Pyrrhi
429 2953 459 3000 et
475 2942 692 3018 Epiroticorum
705 2961 801 3015 enses,
817 2961 873 3018 pro
886 2942 986 3000 multis
997 2942 1322 3018 vulneribusacoeptic,
1337 2943 1388 3000 vix

308 3034 369 3092 duo
378 3035 483 3112 jugera
495 3037 614 3094 tandem
629 3036 825 3096 donabantur.
841 3037 922 3092 Hanc
940 3034 1056 3093 sudoris
1067 3035 1152 3092 multi
1165 3033 1340 3109 cruorisque
1355 3035 1388 3092 in

308 3125 386 3182 bello
400 3127 457 3184 fusi
471 3128 635 3186 mercedem
648 3147 736 3186 nemo
749 3147 888 3203 umquam
901 3147 1004 3186 eorum
1014 3129 1126 3186 meritis
1139 3129 1197 3184 suis
1211 3126 1387 3185 inferiorern

307 3217 440 3294 putavit,
452 3230 502 3276 aut
511 3221 655 3296 ingratam
665 3220 777 3278 idcirco
787 3221 928 3297 patriam,
942 3241 975 3278 ac
985 3241 1099 3296 parcam
1109 3219 1195 3278 nimis
1206 3230 1249 3277 est
1258 3219 1384 3276 arbitra·

308 3317 365 3369 t'us.
378 3311 497 3388 Agellus
507 3312 651 3388 ejusmodi
660 3324 773 3389 patrem
783 3313 899 3371 abunde
908 3314 1014 3384 alebat,
1028 3334 1094 3371 cum
1104 3324 1166 3371 tote
1174 3312 1282 3370 familia
1291 3329 1388 3371 mum

179 3387 181 3400 ¹
306 3405 472 3476 habitante,
488 3404 521 3461 in
534 3424 591 3480 qus
602 3416 666 3464 eret
677 3426 755 3466 uxor
767 3426 938 3484 praegnans,
951 3407 1093 3466 ludebant
1101 3407 1225 3464 infantes
1237 3417 1387 3482 quatnon

307 3508 367 3554 tres
380 3517 486 3574 nempe
501 3495 692 3572 filiifamilias,
707 3511 737 3557 et
754 3520 828 3558 unus
843 3501 975 3558 servulus
991 3500 1073 3558 domi
1086 3511 1180 3556 natus.
1193 3499 1388 3558 seditionum

304 3587 446 3649 tratribus
459 3592 581 3666 adultis,
599 3611 691 3668 quum
706 3593 838 3650 redirent
850 3595 887 3649 ab
903 3612 993 3670 agro,
1009 3594 1063 3650 ubi
1075 3595 1123 3650 vel
1135 3592 1251 3650 scrobes
1267 3591 1389 3650 effode·

306 3695 388 3756 rant,
399 3685 447 3742 vel
459 3686 581 3744 humum
596 3695 764 3758 araverunt,
776 3685 870 3760 major
881 3686 1012 3761 quaedam
1026 3705 1107 3744 ooena
1120 3685 1339 3756 instruebatur,
1355 3686 1388 3743 in

307 3797 364 3852 qna
380 3779 489 3837 scilieet
504 3783 600 3855 pultes
617 3781 738 3857 largiter
753 3783 985 3858 apponebantur.
1006 3785 1091 3841 Nunc
1109 3783 1211 3860 jugera
1230 3782 1293 3838 baec
1308 3781 1386 3852 dno,

306 3869 413 3942 quibus
425 3881 555 3930 veterum
566 3873 629 3950 agri
641 3872 864 3946 definiebantur,
876 3876 985 3932 nostris
993 3875 1087 3933 hortis
1099 3895 1159 3933 non
1170 3872 1328 3932 sufficiunt.
1339 3877 1387 3931 Ex

305 3962 359 4018 bac
369 3961 507 4020 nimirum
517 3965 643 4022 habendi
652 3966 915 4040 cupiditateomnia
927 3969 1130 4044 fermeflagitia
1138 3967 1384 4044 proficiscuntur:

306 4071 401 4128 neque
417 4055 478 4112 ulio
493 4055 566 4116 vitio
579 4059 680 4135 saepius
696 4073 747 4117 aut
762 4061 799 4118 ad
815 4081 925 4119 venena
937 4062 1100 4133 miscenda,
1115 4073 1165 4118 aut
1180 4061 1216 4118 nd
1235 4059 1383 4137 stringen·

306 4147 376 4203 dnm
386 4147 495 4207 sermm
512 4151 674 4208 excitantur
684 4155 829 4225 mortales,
842 4175 928 4230 quum
938 4153 1158 4214 immodicarum
1173 4173 1263 4232 opum
1273 4155 1381 4230 impla-
