3074 4990
451 425 871 510 saruuabaurua
1156 451 1196 518 55

131 545 214 616 Pone
226 549 322 620 domi
335 551 462 640 lauros3
480 553 548 624 duc
565 554 600 624 in
615 556 774 650 capitolia
790 585 951 656 magnum
1164 584 1199 636 65

127 657 364 756 Cretatumque
377 663 523 756 bavam:
544 665 684 758 Sejanus
699 666 836 737 ducitur
853 695 943 740 unco

124 767 332 860 Spectandus
348 797 355 839 :
373 774 519 865 gaudent
533 799 661 846 omnes.
678 817 725 830 -
744 778 831 866 Quae
844 778 958 850 labra?
970 805 1047 875 quis
1061 781 1108 850 illi

125 875 246 948 Vultus
264 880 357 950 erat?
370 884 571 978 Nunquam,
589 886 616 954 si
633 886 715 981 quid
730 887 817 958 mihi
832 889 959 978 credis,
976 892 1083 960 amavi

123 989 223 1058 Hunc
239 991 414 1062 bominem
429 1020 438 1062 ε
455 995 514 1064 sed
529 1021 598 1091 quo
613 996 734 1066 cecidit
751 998 814 1066 sub
831 999 999 1070 crimine?
1014 1003 1167 1097 quisnam

123 1098 283 1170 Delator?
295 1105 418 1198 quibus
435 1105 591 1177 indiciis?
605 1133 673 1203 quo
687 1123 769 1178 teste
787 1110 968 1203 probavit?
1165 1134 1199 1189 7⁰

123 1251 168 1263 —
185 1211 245 1282 Nil
261 1214 387 1282 horum
404 1241 412 1283 ε
432 1217 572 1288 verbosa
591 1233 626 1288 et
642 1218 777 1313 grandis
796 1217 939 1313 epistola
953 1221 1046 1290 venit

124 1323 379 1416 ACapreisoe-
394 1327 487 1395 Rene
501 1326 618 1414 habet3
632 1325 680 1396 nil
692 1327 792 1422 plus
783 1342 980 1424 interrogo·
995 1330 1053 1400 sed
1067 1329 1148 1424 quid

125 1431 238 1498 Turba
252 1431 431 1501 Remii-
383 1436 606 1529 -Sequitur
618 1439 819 1525 Fortunam,
835 1453 874 1507 ut
886 1463 1030 1534 semper,
1044 1455 1077 1510 et
1091 1439 1163 1510 odit

127 1531 339 1611 Damnatus.
331 1542 444 1612 ·idem
462 1544 627 1640 populus,
643 1572 671 1616 si
661 1547 811 1617 Nursia
824 1550 934 1618 Tusco
1046 1597 1048 1602 ·

126 1655 289 1739 Favisset,
308 1656 336 1724 si
354 1680 514 1751 oppressa
532 1657 622 1728 foret
641 1683 757 1730 secura
776 1675 929 1730 senectus
1166 1675 1199 1746 7⁵

126 1762 310 1860 Principis,
325 1765 390 1836 bac
405 1767 477 1862 ipsa
490 1768 650 1862 Sejanum
664 1769 792 1839 diceret
805 1768 889 1838 bora

126 1871 315 1965 Augustum
332 1899 340 1943 :
357 1875 428 1967 jam
447 1877 597 1970 pridem,
616 1905 656 1948 ex
672 1903 739 1972 quo
757 1873 1016 1974 suffragianulli

126 1981 325 2069 Vendimus,
341 1983 465 2056 effudit
481 2012 578 2058 curas
595 2014 604 2058 ε
623 2013 702 2059 nam
721 1989 781 2084 qui
800 1987 900 2058 dabat
917 1988 1003 2058 olim

128 2093 330 2185 Imperium,
344 2093 463 2183 fasces,
481 2096 646 2196 legiones,
662 2101 794 2187 omnia,
810 2125 903 2170 nuuc
919 2124 955 2170 se

123 2202 304 2290 Continet,
319 2219 420 2300 atque
433 2206 516 2278 duas
530 2223 661 2278 tantum
681 2235 733 2280 res
750 2212 868 2280 anxius
881 2224 992 2303 optat,
1165 2225 1201 2278 to

121 2450 181 2503 res,
195 2435 372 2511 sartagines,
385 2437 516 2511 patella?
530 2439 649 2496 Laureis
665 2435 786 2495 domum
797 2448 878 2494 tuam
891 2438 977 2495 sertis
990 2455 1078 2507 orna,
1092 2437 1199 2494 bovem

122 2545 260 2602 mgnum
282 2528 497 2605 candidamque
515 2530 548 2586 in
570 2529 764 2604 Capitolinam
781 2529 872 2586 aedem
892 2529 960 2586 duci
971 2528 1058 2602 jube3
1081 2528 1200 2602 Sejanus

120 2639 195 2677 unco
207 2621 338 2696 impacto
349 2633 489 2697 raptatur,
504 2633 535 2679 et
549 2641 603 2697 per
612 2623 717 2680 urbem
729 2621 767 2679 ad
778 2621 939 2680 ludibrium
949 2620 1200 2696 spectaculumque

121 2711 304 2770 traducitur:
316 2715 462 2771 exsultant
477 2733 577 2772 omnes
586 2714 703 2791 gaudio.
712 2744 753 2758 -·
763 2716 858 2785 Quam
875 2715 950 2772 loeda
963 2712 1089 2770 hominis
1101 2712 1199 2770 iacies!

119 2821 205 2878 quam
218 2805 346 2863 distorta
357 2806 455 2863 labral
469 2807 612 2882 Equidem
624 2807 655 2864 id
666 2805 811 2864 affirmare
826 2806 881 2863 tibi
891 2824 961 2862 vere
973 2822 1108 2879 possum,
1121 2823 1199 2860 uun-

119 2915 205 2970 quam
219 2897 358 2971 Seianum
372 2916 390 2953 a
402 2918 450 2956 me
464 2909 591 2956 amatum
602 2899 705 2956 fnisse:
718 2899 770 2956 sed
785 2917 837 2975 age
848 2919 855 2954 ε
868 2897 1017 2973 quodnam
1031 2896 1074 2952 illl
1089 2896 1199 2954 crimen

118 2989 267 3063 objectum
279 2991 354 3048 fuiti
363 2992 427 3066 quis
436 2991 597 3050 accusarit?
609 2991 673 3066 quis
681 2990 791 3048 index?
804 2991 870 3067 quis
879 2990 958 3048 testis
965 2991 978 3046 i
986 3021 1027 3032 —-
1034 2989 1114 3048 Nihil
1124 2988 1198 3048 isto-

118 3101 183 3138 rum
194 3083 318 3155 dicitur;
330 3093 442 3140 tantum
450 3084 553 3161 iugens
562 3096 591 3141 et
598 3084 697 3141 multis
707 3085 868 3160 perscripta
880 3083 976 3140 verbis
986 3083 1105 3158 epistola
1114 3083 1200 3140 missa

117 3185 184 3230 csta
195 3175 325 3251 Capreis.
335 3206 376 3220 ·-
385 3177 461 3234 Satis
474 3190 531 3248 est;
539 3177 612 3234 nihil
621 3188 758 3252 praeterea
771 3193 880 3251 quaero.
897 3173 977 3245 Quid
986 3173 1104 3230 interim
1114 3175 1199 3230 Remi

125 3268 318 3341 populum-
334 3271 485 3342 Fortunae,
502 3281 537 3326 ut
551 3289 674 3346 semper,
687 3271 795 3340 seruit,
811 3289 844 3326 ac
860 3269 980 3344 miserus
993 3269 1200 3343 damnatosque

123 3379 140 3412 a
154 3360 284 3436 principe
293 3359 477 3419 condemnat.
488 3362 571 3418 Idem
581 3363 631 3419 ille
643 3374 753 3433 tamen,
765 3362 790 3418 si
801 3362 854 3419 dea
864 3379 968 3436 praeses
979 3359 1118 3428 Etruriae,
1132 3378 1200 3416 con-

121 3451 188 3508 silia
200 3453 294 3526 Seiani
309 3455 354 3511 sui
368 3456 473 3512 Nursia
486 3455 659 3529 adjuvisset,
676 3456 702 3512 si
714 3475 803 3512 senex
819 3455 988 3530 imperator,
1005 3453 1079 3509 nihil
1093 3454 1148 3510 sibi
1165 3454 1200 3511 ti·

120 3563 212 3614 mcus‚
227 3547 379 3620 repentina
388 3547 589 3622 conjuratione
599 3550 727 3606 sublatus
737 3549 836 3608 luisset
846 3535 1043 3618 emedio,'boc
1052 3546 1115 3620 ipsa
1124 3557 1199 3604 tem·

121 3639 201 3712 poris
216 3652 329 3715 puncto
339 3641 475 3716 Sejanum
483 3641 687 3716 imperatorem
700 3644 843 3718 appellare
851 3639 1017 3714 neutiquam
1032 3638 1199 3696 dubitasset.

120 3731 300 3806 Iampridem
315 3733 442 3808 papulus
455 3734 536 3790 omni
550 3733 716 3811 reipublice
729 3729 963 3792 administrandae
977 3749 1045 3788 cura
1059 3731 1199 3789 liberatus

120 3832 181 3892 cst,
192 3843 228 3880 ex
242 3843 303 3900 quo
317 3835 451 3901 tempure
463 3825 573 3884 scilicet
582 3827 802 3903 magistratuum
814 3824 1018 3902 eligendarum
1027 3821 1146 3882 facultas
1156 3824 1200 3880 illi

121 3928 220 3991 crepta
231 3916 305 3990 tuit,
319 3937 352 3974 ac
366 3935 417 3976 sua
428 3920 564 3996 suffragia
578 3920 736 3977 candidatis
749 3937 811 3976 non
823 3917 943 3974 vendit:
958 3916 1010 3992 qui
1021 3927 1104 3974 antea
1117 3936 1198 3974 sum-

118 4027 185 4065 mos
195 4010 227 4066 in
236 4012 388 4086 republica
396 4012 593 4089 magistratus,
603 4015 798 4082 consulatum,
810 4011 879 4070 belli
888 4009 1102 4088 prefecturam,
1111 4031 1198 4069 omne

122 4105 275 4176 potestatis
285 4123 388 4182 genus,
399 4106 571 4181 cuicumque
584 4107 723 4180 libuisset,
731 4103 887 4164 mandabat
895 4107 938 4180 ,is
950 4125 1028 4164 nunc
1039 4103 1161 4162 feriatur
1171 4117 1200 4162 ct

120 4209 222 4268 vacat,
237 4197 333 4274 deque
349 4197 436 4256 rebus
451 4199 592 4257 duntaxat
603 4199 715 4258 duabus
728 4198 867 4258 sollicitus
880 4210 937 4270 eat,
949 4215 1023 4274 pana
1036 4215 1069 4253 ac
1082 4197 1199 4255 Circen-
