3074 4990
310 413 356 477 62
615 415 657 478 D.
679 414 808 479 JUNH
831 415 1093 484 JUVENALIS

314 525 522 615 Prandente,
537 543 569 596 et
582 527 724 598 madidis
739 544 852 599 cantat
865 556 939 625 quae
956 533 1124 603 Sostratus
1138 531 1206 602 alis.

312 636 375 706 Ille
388 653 502 707 tamen
517 635 624 732 qualis
638 639 739 708 rediit
751 638 917 710 Salamine
935 641 1068 730 relicta,

312 751 354 817 In
368 752 495 820 Corum
509 765 610 845 atque
624 753 754 819 Eurum
769 750 889 820 solitus
903 753 1018 822 saevirc
1032 751 1170 849 flagellis
1330 769 1381 821 180

312 861 493 948 Barbarus,
508 859 619 929 AEolio
634 885 809 956 nunquam
825 862 891 931 hoc
907 862 943 930 in
957 887 1092 932 carcere
1106 887 1233 958 passos,

312 973 428 1066 ipsum
444 970 663 1066 compedibus
677 972 735 1066 qui
750 972 905 1040 vinxerat
918 972 1179 1068 Ennosigaeum?

311 1083 428 1150 Mitius
442 1082 478 1151 id
491 1107 586 1168 sane,
602 1081 695 1175 quod
709 1106 778 1149 non
793 1097 830 1150 et
841 1081 999 1177 stigmate
1014 1085 1154 1178 dignum

311 1190 473 1260 Credidit.
489 1191 580 1259 Huic
596 1191 774 1284 quisquam
789 1188 892 1259 vellet
906 1195 1032 1260 servire
1050 1192 1213 1262 deorum?

312 1301 377 1370 Sed
392 1301 497 1396 qualis
514 1299 637 1371 rediit?
654 1326 775 1396 nempe
791 1325 858 1369 una
872 1325 971 1388 nave,
986 1303 1132 1372 cruentis
1329 1313 1380 1368 185

311 1411 501 1500 Fluctibus,
516 1437 554 1481 ac
569 1411 663 1481 tarda
677 1436 739 1507 per
750 1412 853 1480 densa
869 1410 1031 1481 cadavera
1045 1437 1155 1507 prora.

311 1525 379 1590 Has
394 1523 491 1592 toties
506 1537 621 1618 optata
634 1523 744 1616 exegit
757 1520 864 1616 gloria
877 1545 1002 1616 poenas.

360 1663 376 1696 a
385 1635 438 1700 Da
451 1633 598 1728 spatium
612 1633 706 1721 vitae,
723 1629 847 1700 multos
860 1630 918 1717 da,
932 1632 1076 1725 Jupiter,
1092 1626 1235 1699 annosi»

311 1747 387 1814 Hoc
403 1759 495 1813 recto
510 1742 607 1812 vultu
622 1742 747 1829 solum,
764 1744 832 1812 boc
844 1757 881 1812 et
893 1739 1038 1836 pallidus
1049 1757 1154 1836 optas.

310 1853 376 1922 Sed
390 1878 491 1946 quam
505 1853 676 1921 continuis
691 1869 725 1919 et
738 1853 871 1946 quantis
887 1851 988 1945 longa
1004 1867 1159 1922 senectus
1331 1881 1382 1929 190

310 1962 414 2033 Plena
428 1958 535 2030 malis!
553 1961 755 2044 deformem,
772 1975 807 2028 et
823 1974 946 2028 tetrum
963 1977 1041 2030 ante
1055 1963 1172 2030 omnia
1184 1961 1331 2044 vultum,

310 2071 583 2167 Dissimilemque
597 2070 663 2158 sui;
679 2069 868 2138 deformem
884 2092 948 2163 pro
964 2085 1041 2140 cute
1055 2069 1196 2165 pellem3

311 2181 568 2274 Pendentesque
587 2204 705 2274 genas,
723 2195 758 2247 et
775 2177 857 2246 tales
870 2177 1004 2272 adspice
1022 2203 1139 2274 rugas,

311 2289 450 2379 Quales,
467 2289 667 2358 umbriferos
678 2289 736 2357 ubi
748 2289 866 2383 pandit
874 2289 1022 2358 Tabraca
1032 2288 1151 2375 saltus,

277 2504 278 2508 ’
311 2510 435 2586 plurima
447 2507 575 2583 ejusdem
588 2507 683 2576 modi,
698 2525 761 2582 quae
776 2507 933 2578 Sostratus,
950 2525 1039 2582 quum
1055 2525 1085 2564 se
1098 2507 1217 2585 largiter
1232 2505 1303 2562 vino
1314 2524 1383 2580 pro-

310 2602 380 2669 luit,
399 2612 515 2658 cantare
534 2609 618 2656 amat.
637 2600 719 2655 Idem
735 2599 784 2655 ille
801 2599 989 2658 nihilominus
1008 2603 1136 2672 Xerxes,
1157 2600 1247 2676 qualis
1266 2599 1383 2668 tandem

310 2696 343 2751 iu
354 2713 434 2751 suam
448 2692 608 2762 Persidem,
624 2702 691 2766 post
701 2692 829 2748 relictam
842 2693 1002 2762 Salamina,
1017 2707 1059 2751 est
1074 2697 1218 2752 reversus!
1233 2695 1383 2764 Quantum

310 2788 347 2845 ab
372 2788 425 2844 illo
446 2797 588 2855 mutatus,
609 2783 660 2860 qui
679 2795 782 2842 ventos
798 2786 970 2844 verberibus
989 2787 1059 2844 caedi
1074 2786 1213 2860 jusserat,
1234 2803 1384 2860 nunquam

310 2879 442 2955 profecto
464 2879 496 2935 in
516 2876 618 2935 AEoliis
640 2877 802 2934 carceribus
825 2897 856 2934 ea
881 2878 1033 2936 mulctatos
1061 2899 1163 2954 paena-3
1191 2878 1243 2953 qui
1268 2877 1384 2933 vincula

310 2973 366 3048 ipsi
383 2976 520 3049 Neptuno
542 2971 695 3046 injecerat!
716 2971 881 3028 Clementer
902 2989 968 3028 sane
992 2970 1226 3046 sacrumquod
1249 2969 1385 3026 eumdem

312 3064 397 3121 etiam
429 3065 570 3121 candente
599 3062 678 3119 ferro
711 3063 749 3120 ad
776 3061 966 3140 ignominiam
993 3064 1071 3120 inuri
1099 3081 1161 3121 non
1189 3063 1383 3138 imperaverit.

311 3155 419 3230 Ecquis
437 3157 567 3211 Deorum
589 3154 701 3210 homini
721 3165 780 3211 tam
798 3155 941 3231 barbaro,
959 3166 1018 3212 tarn
1033 3156 1124 3231 impio
1140 3173 1247 3212 navare
1265 3173 1386 3229 operam

312 3266 344 3303 ac
362 3248 459 3302 farere
480 3245 588 3302 vellet?
610 3245 668 3302 Sed
690 3247 783 3321 qualis
804 3247 919 3304 taudem
942 3250 973 3304 in
993 3247 1139 3306 Persidem
1157 3247 1308 3304 remearit!
1326 3247 1386 3302 Ni-

311 3340 418 3396 mirum
439 3337 525 3394 unica
544 3336 612 3392 navi
631 3355 684 3411 per
704 3337 808 3394 fluctus
832 3357 951 3397 suorum
973 3341 1098 3398 militum
1118 3341 1257 3418 sanguine
1276 3357 1385 3396 cruen-

311 3444 404 3502 tatos,
430 3444 460 3490 et
479 3449 533 3507 per
556 3429 727 3487 cadaverum
749 3443 857 3490 temere
881 3431 1055 3490 fluitantium
1073 3453 1190 3492 acervos
1210 3451 1285 3510 aegre
1304 3432 1384 3488 viam

310 3525 466 3602 fugamque
489 3523 652 3599 expediens.
675 3526 717 3579 Ita
741 3544 808 3582 suos
827 3525 893 3584 illos
920 3539 1059 3586 amatores
1082 3528 1173 3604 gloria
1192 3537 1237 3583 tot
1257 3525 1383 3601 expetita

310 3620 387 3678 rotis
406 3618 562 3675 ulubritur.
736 3621 737 3624 ’
1240 3635 1244 3644 ·

354 3714 420 3770 188.
443 3715 470 3770 Ο
492 3711 618 3786 Jupiter!
638 3730 732 3767 annue
753 3711 825 3767 mihi
848 3712 988 3788 longioris
1010 3713 1077 3769 vitae
1096 3733 1211 3784 moras,
1233 3731 1383 3787 annosque

311 3804 474 3878 complures
484 3802 618 3877 imperti:
631 3804 689 3860 boc
703 3813 800 3860 erecto
814 3806 913 3876 vultu,
927 3807 984 3863 hoc
995 3807 1079 3864 unice
1090 3827 1122 3864 ac
1134 3805 1258 3864 sollicito
1272 3807 1384 3880 pallore

311 3897 464 3953 desideras.
476 3897 586 3950 Verum
597 3911 683 3968 quam
696 3896 848 3970 gravibus,
861 3917 948 3974 quam
959 3898 1014 3955 sibi
1025 3899 1086 3954 siue
1098 3900 1157 3954 ulla
1169 3897 1384 3954 intermissione

311 3987 533 4045 succedentibus·
541 3987 733 4044 incommodis
745 3999 875 4046 senectus
890 3991 1008 4067 longior
1018 3991 1143 4047 laborat!
1155 3991 1268 4046 intuere
1278 3990 1381 4047 faciem

313 4099 363 4136 sua
379 4079 471 4135 forma
488 4089 516 4134 et
527 4088 676 4136 venustate
688 4082 851 4154 spoliatam,
865 4083 901 4139 ab
914 4102 946 4140 ea
958 4084 1030 4141 facie
1050 4103 1113 4158 quae
1129 4085 1200 4141 olim
1219 4093 1295 4150 erat,
1311 4083 1383 4138 beu!

312 4174 400 4248 louge
414 4173 572 4242 diversam
586 4172 772 4246 pellem‚,vel
788 4175 899 4232 corium
916 4176 1011 4250 potius
1025 4177 1157 4248 aridum,
1178 4195 1233 4253 pro
1253 4174 1336 4232 molli
1355 4183 1385 4230 et
