3030 4984
359 393 423 476 nr
648 390 691 455 n.
711 385 842 454 surm
863 385 1131 458 inventus

357 495 529 583 Con'tirnm
544 501 708 598 templum
721 517 758 572 et
771 499 884 576 violati
902 505 1049 580 numinis
1064 531 1158 596 eras,

356 625 415 708 Et,
431 617 523 715 quod
541 615 720 712 precipuis
736 628 881 687 mentem
898 614 1078 690 sudoribus
1094 633 1232 714 urguet,
1375 653 1425 690 aaa

357 733 404 801 Te
419 729 511 800 videt
526 729 562 796 in
578 725 725 800 somnis:
745 739 803 794 tue
819 748 912 796 secra
928 739 963 794 et
981 729 1089 821 major
1106 729 1215 824 imago

356 842 528 926 Humarte,
547 837 660 910 turbet
678 833 855 928 pcvidum,
872 836 1029 931 cogitque
1044 837 1151 910 fateri.

356 951 403 1022 Hi
421 964 514 1037 sunt,
530 949 589 1044 qui
607 942 782 1042 trepident
795 961 829 1018 et
846 946 889 1019 ed
908 949 1022 1021 omnia
1041 948 1176 1044 fulgura
1194 949 1336 1044 pallent,

353 1061 470 1150 Quum
488 1072 600 1144 tonat,
618 1055 786 1128 exanimes
802 1057 914 1151 primo
929 1083 1065 1154 quoque
1082 1086 1254 1132 murmure
1268 1061 1359 1150 oeti3

355 1169 546 1262 teneque
559 1165 732 1254 fortuitus,
751 1190 814 1237 nec
829 1181 1010 1240 venmmm
1026 1169 1132 1262 rabie,
1150 1171 1209 1242 sed
1374 1187 1423 1242 nt

355 1282 466 1350 Iratus
480 1279 578 1348 cedat
590 1280 626 1347 in
642 1293 750 1354 terne
763 1291 799 1348 et
810 1275 943 1371 judicet
958 1279 1055 1373 iguis.

354 1390 417 1460 ttta
429 1388 512 1460 nihil
529 1389 663 1476 nocuit;
684 1411 764 1460 cure
780 1389 935 1482 meiere
952 1389 1091 1460 limetur

354 1501 511 1574 Proxima
530 1514 722 1594 tempestas,
740 1496 828 1570 velut
846 1498 912 1572 hcc
928 1497 1031 1573 dtau
1046 1525 1175 1574 sereno.
1240 1577 1244 1591 ,

354 1613 529 1699 Praetema,
547 1609 659 1684 lateris
677 1609 768 1706 vigili
787 1635 864 1682 cum
881 1609 976 1682 febre
994 1609 1146 1684 dolorem

353 1722 390 1792 Si
410 1745 541 1815 eoepere
558 1721 645 1815 pati,
661 1721 799 1792 missum
817 1719 860 1792 nd
879 1745 939 1792 sua
956 1743 1101 1816 corpora
1116 1723 1274 1794 morbum
1371 1738 1425 1794 ato

356 1829 485 1900 Insesto
502 1831 646 1902 credunt
662 1855 684 1903 a
701 1831 856 1919 numium
876 1857 952 1903 saun
967 1835 1119 1904 Deorum
1310 1824 1327 1860 ⁸
1511 1827 1512 1914 i

355 1942 436 2008 Haec
451 1953 483 2006 et
499 1938 565 2007 tela
579 1955 721 2034 putant:
740 1939 902 2034 pecudem
918 1941 1083 2036 spondere
1101 1941 1221 2014 sacello
1511 2007 1512 2040 ,

356 2047 544 2134 Balantem,
565 2064 599 2118 et
613 2051 756 2120 Laribus
776 2051 909 2120 cristam
927 2055 1122 2146 promittere
1140 2051 1217 2146 galli
1511 2041 1512 2128 i

355 2162 436 2232 Non
450 2158 596 2228 audent:
613 2159 695 2252 quid
712 2159 803 2230 enim
820 2185 952 2254 sperare
968 2164 1167 2233 nocentibus
1184 2163 1279 2256 egris
1511 2159 1512 2172 ¹

356 2266 583 2342 Concessum?
600 2267 744 2362 reique
762 2293 833 2338 non
852 2269 988 2364 dignior
1003 2270 1112 2340 hostie
1129 2269 1219 2342 viu?
1374 2287 1425 2340 att
1511 2287 1512 2352 ξ

356 2478 455 2554 coepit,
474 2473 541 2554 post
559 2487 637 2534 artus
658 2486 722 2533 toto
743 2474 833 2533 cubili
850 2475 902 2532 diu
920 2477 1101 2551 multumque
1119 2477 1256 2552 jactatos,
1274 2477 1426 2536 confestim
1511 2467 1512 2504 ³

356 2582 430 2630 tetra
444 2569 556 2629 somnia
569 2569 613 2626 illi
625 2568 767 2643 objiciunt
782 2567 923 2642 templum
939 2567 970 2624 in
985 2586 1045 2641 quo
1059 2568 1212 2644 pejeravit,
1227 2587 1290 2626 arna
1305 2589 1427 2645 quarum

356 2682 464 2726 nunreu
473 2662 609 2733 violavit,
626 2661 764 2736 quodque
776 2660 858 2718 illum
872 2658 975 2733 majori
991 2658 1081 2719 efficit
1097 2672 1226 2734 terrore,
1240 2673 1269 2720 te
1284 2662 1383 2736 videt,
1398 2675 1427 2722 te

356 2757 451 2832 ipsum
473 2773 560 2831 quen
577 2753 722 2829 apolnvir.
746 2749 863 2829 Effigies
884 2762 947 2823 tue,
967 2752 1059 2814 instet
1074 2753 1193 2825 aiicujus
1211 2755 1358 2824 neminis,
1380 2767 1429 2816 ant
1511 2819 1512 2834 χ

354 2848 463 2919 Furta,
479 2847 609 2906 bunnense
624 2853 738 2904 stetere
756 2843 876 2904 modum
889 2845 1046 2917 excedens,
1061 2846 1217 2907 attonitum
1232 2850 1381 2922 percellit,
1399 2860 1428 2908 et
1511 2867 1512 2928 l

354 2936 715 3000 adcrimeueonfitendnm
725 2935 825 3013 adigit.
836 2937 986 3012 Ejusmodi
999 2940 1163 3010 contemtos,
1176 2941 1262 3004 simul
1271 2961 1303 3000 ee
1316 2944 1429 3004 tonitru
1511 2961 1512 3030 ἑ

355 3031 513 3108 quodpiam
526 3029 685 3107 irrerepuit,
699 3039 748 3088 ant
759 3029 858 3107 nugor
866 3030 996 3102 emicuit,
1008 3033 1211 3093 cohorreseere
1222 3034 1319 3096 videas
1329 3036 1428 3110 primo
1511 3037 1512 3074 ³

356 3124 417 3184 eali
437 3141 601 3194 murmure,
621 3123 828 3198 expallescere,
843 3134 924 3184 metu
940 3125 1111 3196 exanimari,
1126 3127 1249 3200 perinde
1267 3129 1346 3204 qnasi
1365 3148 1429 3186 uon

354 3215 544 3288 casualiquo,
557 3225 587 3274 et
597 3225 753 3274 ventorum
764 3213 794 3270 vi
806 3215 916 3286 nativa,
933 3217 1094 3295 fulguraret
1106 3229 1271 3290 tcuaretve,
1281 3221 1336 3282 sed
1345 3233 1429 3280 certo

355 3306 1173 3382 numiniairatieonsilio,etultricejudicisdextramissum
1181 3311 1429 3388 fulmenipsorum
1511 3307 1512 3320 ¹

354 3399 442 3477 capiti
450 3400 606 3477 ingrueret
618 3399 708 3470 Quod
718 3399 742 3456 ai
752 3413 921 3475 presentem
933 3404 1089 3478 procellam
1100 3403 1244 3479 effugiunt
1253 3405 1429 3476 incolumes,

354 3492 516 3569 proximem
525 3491 642 3569 gravium
651 3490 856 3562 reformident,
867 3505 896 3550 et
905 3495 1035 3570 quamvis
1044 3495 1143 3554 carlum
1153 3496 1269 3556 videant
1278 3515 1429 3568 serem,

355 3585 471 3648 dilutam
485 3585 524 3644 ad
537 3585 627 3642 breve
641 3596 752 3659 tempus
765 3585 905 3643 duntaxat
917 3597 1114 3662 tempestatem
1125 3607 1158 3646 ac
1170 3588 1329 3662 perniciem
1347 3607 1429 3646 suem

354 3680 543 3740 arbitrantur.
559 3678 606 3736 Ad
623 3679 702 3750 bec,
713 3677 737 3734 si
748 3678 880 3738 laborare
892 3679 968 3736 lebni
980 3679 1143 3755 occipiunt,
1160 3681 1185 3737 si
1201 3681 1276 3738 lntns
1287 3680 1346 3738 illis
1356 3700 1430 3738 con-

356 3769 470 3844 doluit,
492 3772 537 3830 bis
557 3771 667 3832 morbis
689 3770 727 3827 eb
750 3769 825 3828 irato
850 3771 905 3832 deo
927 3791 957 3828 se
976 3771 1062 3848 plecti
1080 3784 1198 3848 putant,
1224 3771 1269 3830 bis
1291 3783 1431 3846 tanquam

356 3862 430 3926 saxia
444 3875 473 3922 et
489 3865 552 3923 ulia
565 3865 648 3942 peti:
667 3883 760 3938 neque
776 3863 971 3922 valetudinem
985 3885 1002 3924 a
1019 3866 1138 3940 Superis
1154 3865 1304 3941 deprecari
1319 3865 1431 3922 audent

357 3955 471 4026 votiva,
485 3976 571 4032 qnam
585 3958 642 4016 eris
656 3958 843 4030 admoveant,
860 3977 930 4030 ore,
944 3969 994 4015 ant
1008 3957 1063 4016 dita
1082 3959 1236 4034 penatibus
1249 3959 1360 4035 gallum
1378 3960 1430 4016 irn-

356 4049 524 4108 monadum
543 4050 736 4126 promittere:
756 4051 828 4126 qnid
849 4052 925 4110 enirn
949 4060 1066 4127 sperent
1085 4051 1216 4112 scelerati
1235 4051 1428 4129 egrotantes?

358 4141 429 4212 Qne
439 4141 569 4217 victima,
582 4161 669 4220 quarn
680 4144 737 4218 illi,
751 4143 870 4223 dignior
880 4147 941 4206 rite
953 4163 1014 4204 non
1026 4145 1088 4204 est?
