3074 4990
467 424 641 490 SATIllA
663 424 866 490 DECIMA.
1166 425 1205 488 61

137 535 254 605 Donec
272 537 424 632 Bithyno
439 536 539 607 libeat
552 537 689 633 vigilare
704 553 859 634 tyranno.

137 647 252 715 Finem
268 650 409 736 animae,
425 675 500 744 quae
516 673 569 718 res
582 650 746 718 humanas
759 650 894 719 miscuit
908 647 1006 736 olim,

137 757 215 825 Non
232 756 354 851 gladii,
375 784 446 829 non
463 783 539 828 saxa
555 758 698 846 dabunt,
715 784 779 828 nec
795 758 879 844 tela,
898 758 956 828 sed
972 757 1025 827 ille

136 867 332 936 Cannarum
350 869 475 938 vindex
489 894 528 940 ac
542 869 628 938 tanti
644 868 815 961 sanguinis
831 866 938 951 ultor,
1162 881 1209 934 165

137 974 302 1047 Annulus.
317 980 352 1064 I,
367 976 518 1048 demens!
536 995 569 1048 et
583 1003 684 1048 saevas
698 1002 797 1047 curre
810 1002 873 1072 per
888 975 1003 1069 Alpes,

138 1085 184 1154 Ut
198 1088 315 1180 pueris
331 1087 479 1183 placeas,
493 1104 527 1159 et
543 1087 740 1158 declamatio
754 1083 829 1156 fias!

186 1197 285 1266 Unus
299 1197 423 1268 Pellaeo
436 1199 554 1292 juveni
574 1223 644 1267 non
660 1197 787 1268 suflicit
802 1197 914 1266 orbis:

139 1293 269 1375 AEst'uat
284 1307 401 1376 infelix
414 1324 556 1403 angusto
572 1307 677 1376 limite
693 1307 829 1394 nrnndi,

140 1415 185 1481 Ut
198 1416 324 1509 Gyarae
340 1415 470 1486 clausus
486 1415 633 1512 scopulis
646 1415 985 1511 parvaque'Seripho.
1163 1449 1210 1499 170

139 1521 252 1610 Quum
269 1538 383 1592 tamen
397 1549 417 1592 a
430 1523 541 1618 figulis
554 1526 718 1595 munitam
735 1525 916 1594 intraverit
929 1523 1065 1609 urbem,

139 1631 355 1727 Sarcophago
369 1647 548 1702 contentus
562 1631 643 1704 erit!
661 1637 758 1703 Mors
772 1633 842 1703 sola
855 1633 993 1718 fatetur,

23 1737 29 1744 ⁸
140 1738 310 1826 Quantula
323 1742 391 1810 sint
404 1741 581 1810 hominurn
595 1743 807 1838 corpuscula.
824 1742 986 1814 Creditur
998 1739 1082 1810 olint

141 1849 336 1918 velificatus
350 1852 475 1937 Athos,
488 1866 523 1919 et
537 1850 702 1945 quidquid
715 1853 848 1920 Graecia
863 1851 1006 1920 mendax

143 1961 251 2030 Audet
265 1961 303 2028 in
317 1960 480 2030 historia:
497 1975 703 2029 constratum
720 1959 877 2028 classibus
893 1957 999 2028 isdem
1037 1969 1040 1976 '
1164 1976 1211 2045 ¹75

141 2071 425 2164 Suppositumque
441 2071 523 2138 rotis
536 2068 681 2150 solidum
694 2093 787 2138 mare
804 2094 812 2137 :
828 2069 997 2138 credimus
1012 2067 1097 2138 altos

136 2179 308 2250 Defecisse
322 2202 439 2248 amnes
451 2193 619 2273 epotaque
634 2178 774 2248 flumina
788 2177 893 2248 Medo

134 2411 302 2487 nudusque
315 2411 404 2469 cliens
419 2411 537 2483 assidet,
552 2425 719 2490 exspectans
738 2415 808 2472 dum
821 2410 962 2490 Bithyniae
976 2413 1094 2489 regrrlus
1108 2432 1213 2489 exper-

134 2504 204 2579 gisci
216 2514 246 2560 et
257 2503 412 2560 admittere
425 2505 595 2564 salutantem
610 2505 690 2564 velit.
705 2507 867 2582 inquietam
879 2525 911 2562 ac
923 2505 1049 2562 ieronem
1064 2505 1214 2563 Annibalis

133 2595 258 2652 animam
266 2636 276 2665 ,
291 2615 356 2670 qun
368 2607 511 2653 terrarum
523 2599 624 2656 orbem
638 2611 722 2656 antea
736 2597 935 2674 perturbavit,
951 2616 1012 2653 non
1026 2597 1212 2674 exstinguent

135 2706 228 2758 enses,
240 2705 305 2744 uon
312 2687 442 2762 scopuli,
453 2707 513 2745 non
526 2691 597 2762 tela3
608 2691 660 2748 sed
671 2692 760 2766 ipsios
769 2692 908 2760 annulus,
920 2689 971 2764 qui
982 2707 1080 2764 poenas
1090 2690 1215 2746 Romani

134 2781 284 2858 sanguinis
295 2781 333 2838 ad
347 2783 459 2838 Canum
473 2783 586 2857 profusi
599 2784 635 2842 ab
649 2805 684 2844 eo
697 2796 818 2861 repetet.
835 2787 849 2840 1
868 2802 962 2853 nnnc,
980 2781 1145 2840 mortalium
1159 2782 1213 2839 de-

136 2874 332 2943 mentissime;
348 2874 436 2948 Alpes
451 2892 538 2932 saevas
556 2877 682 2947 transili3
696 2887 782 2952 capnt
797 2869 938 2933 sexcentis
951 2873 1087 2950 periculis
1101 2873 1213 2948 objice,

134 2979 165 3022 ut
178 2965 298 3023 landem
313 2965 422 3022 scilicet
438 2966 517 3042 apud
530 2985 636 3041 pueros
656 2969 687 3026 iu
706 2969 777 3026 ludo
791 2968 932 3026 litterario
950 2967 1100 3038 merearis,
1113 2986 1146 3024 ac
1165 2968 1212 3025 de·

135 3058 357 3116 rimationibus
369 3070 573 3135 argumentum
585 3059 697 3120 illustre
709 3059 884 3135 suppedites.

174 3151 242 3208 168.
264 3151 441 3220 Alexander,
456 3150 571 3225 juvenis
590 3171 606 3208 e
622 3153 701 3210 Pella
714 3153 871 3222 oriundus,
890 3152 963 3209 orbe
982 3157 1043 3208 nuo
1057 3163 1210 3211 contentus

137 3263 193 3299 uon
210 3255 270 3313 est;
285 3243 330 3298 illi
344 3242 470 3298 mundns
484 3243 532 3300 hic
546 3243 665 3300 videtur
678 3244 842 3320 angustior,
860 3243 891 3300 in
905 3261 1013 3319 eoque,
1027 3243 1108 3300 velut
1125 3245 1210 3302 arctis

140 3335 310 3393 constrictius
321 3334 433 3410 spatiis,
442 3346 493 3392 aut
501 3340 605 3412 Gyarae
615 3338 661 3393 vel
673 3337 790 3411 Seriphi
801 3337 922 3411 rupibus
933 3335 1061 3411 angustis
1073 3335 1212 3405 inclusus,

140 3429 251 3505 sugitur
261 3440 293 3486 et
305 3428 410 3485 misere
422 3429 515 3486 sudat.
528 3429 589 3486 Ubi
600 3439 696 3486 tamen
706 3428 885 3504 Babylonem
894 3428 985 3484 muris
996 3427 1147 3484 coctilibus
1155 3429 1214 3485 cir-

138 3521 300 3580 cumdatam
311 3521 400 3579 inerit
412 3521 575 3598 ingressus,
588 3522 729 3578 feretrum
742 3521 785 3577 illi
793 3519 924 3578 sufficiet.
937 3521 1006 3578 Sola
1019 3539 1113 3589 mors,
1127 3539 1213 3596 quam

137 3615 210 3671 exile
227 3613 380 3690 quidpiam
403 3623 432 3670 et
449 3613 594 3670 minutum
614 3613 651 3669 sit
668 3614 772 3682 homo,
796 3613 889 3668 docet.
911 3611 1064 3670 Credimus
1083 3624 1213 3670 montem

102 3759 109 3782 ⁸
137 3707 234 3762 Athon
244 3704 317 3762 olim
327 3705 452 3762 aXcrxe
462 3697 623 3781 perfossori
634 3716 663 3762 et
672 3703 949 3778 circumnavigaturn
960 3703 1061 3760 fuisse:
1071 3704 1213 3762 credimus

133 3797 188 3852 alia
194 3797 226 3854 id
238 3815 331 3874 genus
342 3797 449 3864 multa,
460 3816 524 3872 qne
535 3799 644 3868 Graeci,
657 3799 875 3856 mendaciorum
886 3794 1009 3854 artifices
1021 3799 1146 3874 egregii,
1155 3818 1212 3856 aa·

138 3889 250 3946 aclibus
261 3889 408 3946 historicis
425 3889 552 3964 prodere
567 3910 629 3947 non
643 3890 792 3961 dubitant;
806 3909 898 3966 quum
910 3891 1067 3965 perbibent
1078 3904 1213 3965 opertum

19 4031 20 4050 ,
136 3999 237 4055 equor
253 3981 358 4040 iisdem
370 3982 479 4039 Xerxis
494 3983 644 4054 classibus,
666 3984 771 4059 quibus
787 3985 886 4041 Athon
905 3983 1213 4060 circumnavigaverat‚

19 4069 20 4080 *
136 4083 167 4127 et
176 4073 312 4130 curribus
321 4075 471 4149 pervium,
484 4085 621 4150 tanquam
632 4075 734 4132 stabile
745 4076 856 4147 solum,
868 4075 1024 4146 exstitisse3
1043 4074 1147 4133 fluvios
1166 4078 1213 4134 in-

136 4177 235 4242 tegros
246 4166 401 4224 exhaustos
412 4176 442 4223 et
452 4167 608 4226 exsiccatos
618 4187 678 4226 nno
688 4167 795 4226 Persici
805 4167 947 4225 exercitas
956 4165 1091 4243 prandio,
1102 4167 1214 4242 aliaque
1253 4249 1257 4257 x
