3030 4984
327 462 390 524 218
488 453 661 521 VARIAE
684 455 976 520 LEC'I'IONES
999 457 1063 520 ΕΤ
1087 455 1240 522 NOTAE

322 587 352 625 ιιι
371 573 519 638 olynthum.
537 569 682 622 maximam
699 569 765 621 olim
782 567 907 621 Thracia
923 569 1017 621 urbem
1027 578 1048 627 ,¹
1062 569 1266 623 Atheniensium
1285 569 1403 642 imperio

321 658 450 729 eriperet,
463 671 577 724 eamque
590 651 700 706 tandem
710 652 796 722 cepit,
807 651 939 705 [aethene
950 664 976 705 et
989 651 1153 726 Euthycrate
1162 653 1278 726 pecunie
1290 671 1404 724 corrup·

321 739 368 804 ὡς
383 735 437 791 vid.
450 736 588 790 Demosth.
604 736 717 808 Olynth.
732 733 859 808 Thucyd.
872 737 901 800 1,
916 735 949 789 58
963 753 1016 807 req.
1033 747 1059 788 et
1071 735 1182 790 Diodor.
1199 737 1281 801 ΧΗ,
1297 736 1345 802 ⁵3,
1357 737 1400 798 54.

321 851 356 864 -
377 823 498 880 Callidus,
517 817 573 872 vid.
591 819 692 872 sustin.
713 821 771 884 lx,
790 819 816 871 8.
834 818 910 871 Idem
929 819 1071 890 Phiiippus
1089 820 1181 892 plnres
1199 819 1320 874 civitaten
1335 817 1402 872 emit

321 904 405 974 (Seu.
426 903 478 975 Ep.
497 909 532 968 94
545 905 570 972 ),
588 915 616 956 et
634 902 775 956 castellum
794 901 860 955 olim
882 917 1101 974 oppugnaturus,
1121 901 1195 975 quod
1216 903 1403 976 exploratorea

322 986 532 1044 munitissimum
555 1004 610 1039 ease
630 987 834 1049 nuntiaverant,
852 986 1004 1058 quaeaiviene
1017 1006 1050 1040 ex
1063 987 1095 1040 iia
1110 985 1227 1048 dicetur,
1251 987 1272 1038 ci
1291 985 1401 1054 χαλεπὸν

322 1071 396 1130 οὕτως
415 1069 491 1134 iuria,
511 1071 572 1122 ὧστι
585 1066 642 1140 pnd'
658 1071 709 1122 ὄιον
724 1073 858 1140 aperantii
870 1071 964 1142 χρυσίον
978 1072 1138 1142 ιομίζοντα;’
1150 1075 1240 1124 Paculo
1254 1089 1336 1122 aureo
1344 1075 1402 1140 pai-

323 1154 384 1204 viru's
402 1155 499 1208 uindico
521 1154 660 1220 Philippum
679 1171 759 1222 regem
779 1157 997 1207 aemimontum
1017 1154 1100 1210 tradit
1116 1155 1187 1209 Ptin.
1208 1153 1401 1220 xxxl11,3,

324 1256 373 1290 aen
390 1243 430 1302 ¹4·

357 1397 423 1443 Van.
442 1397 484 1450 48.
502 1394 591 1460 Ecquis
608 1410 672 1442 nune
690 1393 754 1444 nlius
771 1393 872 1445 emend.
887 1396 986 1446 Jacnba.
1004 1397 1064 1461 quia
1085 1397 1113 1444 in
1130 1396 1169 1444 hia
1184 1395 1269 1444 verbis
1283 1405 1309 1443 et
1329 1409 1404 1460 pree.

326 1479 393 1528 uuila
403 1477 476 1543 piene
489 1479 520 1554 nit
533 1479 665 1544 opponitio.

357 1572 446 1623 Αιιι..
461 1572 495 1636 48
513 1589 567 1642 aeq.
585 1571 668 1624 Poeta
684 1569 866 1623 narrationem
889 1571 1059 1643 interrumpit
1079 1585 1197 1643 quatuor
1218 1571 1340 1626 verssstne
1360 1571 1401 1623 in·

323 1654 400 1707 nertin
416 1694 424 1719 ,
441 1655 540 1726 quibua
558 1655 719 1726 vituperatio
736 1655 873 1719 avaritie,
891 1656 945 1709 illia
964 1657 1129 1730 temporibus
1144 1658 1259 1728 vigentis
1273 1695 1282 1723 ,
1296 1668 1325 1709 et
1341 1657 1400 1710 laun

324 1737 426 1790 Catulli
439 1739 620 1792 continentur.
634 1741 714 1800 Alius,
728 1752 825 1810 praeter
835 1739 982 1793 Catullum.

358 1833 427 1885 Noa.
448 1841 491 1902 49.
513 1837 599 1902 Caput,
616 1835 707 1889 vitant.
722 1863 757 1874 -
768 1837 857 1902 liebus,
868 1835 905 1888 tei
921 1834 1062 1900 familiari,
1076 1835 1182 1908 opibus.

354 1993 421 2039 Vua.
441 1991 482 2039 50.
500 1991 618 2050 Faciant,
630 2007 673 2043 nt.
688 2019 723 2029 -
738 1991 870 2056 Quaedam,
886 1994 926 2041 13.
946 1995 994 2042 Pro
1008 1993 1108 2057 quidam
1121 1993 1182 2042 forte
1194 1991 1395 2042 anbatituendutn

320 2088 372 2122 erae
383 2073 471 2138 quique
488 2073 527 2121 vei
542 2073 658 2138 quisque,
678 2089 710 2122 na
722 2073 774 2122 haec
787 2085 924 2139 repugnent
935 2075 978 2136 iia,
996 2089 1051 2138 que
1067 2085 1138 2140 poeta
1153 2077 1266 2140 proxime
1276 2091 1313 2124 vn.
1328 2075 1361 2131 48
1376 2083 1401 2120 et

322 2165 355 2220 59
371 2156 476 2218 dixerit,
497 2167 539 2206 tut
554 2167 632 2206 totum
643 2157 726 2222 potior
738 2173 835 2206 venum
844 2171 892 2204 une
903 2171 958 2206 enm
968 2173 1019 2220 aeq.
1029 2168 1131 2222 propter
1141 2158 1251 2206 scabram
1261 2157 1401 2206 orationem

322 2239 447 2288 monacho
461 2238 563 2300 deberi,
581 2240 625 2303 qui
641 2237 686 2288 har
702 2240 803 2288 laciniae
819 2240 924 2304 margini
939 2241 1059 2298 adnuerit,
1074 2240 1169 2288 dudum
1185 2241 1318 2304 auapieetna
1331 2255 1398 2287 eum.

320 2323 406 2370 Postea
417 2320 484 2384 ridi,
498 2322 565 2372 idem
579 2323 690 2372 Bentleio
703 2324 731 2371 in
742 2335 850 2373 mentem
861 2323 970 2385 veniaea,
980 2325 1023 2389 qni
1033 2324 1065 2373 ad
1077 2326 1138 2374 Hor.
1146 2327 1201 2372 Art.
1211 2327 1274 2374 Poet.
1286 2341 1323 2372 va.
1335 2319 1399 2384 3³7,
1508 2307 1509 2344 ³

320 2406 372 2454 hac
383 2407 495 2456 notavit:
508 2407 604 2455 «Viden
618 2407 659 2456 hio
673 2407 702 2455 in
715 2408 819 2457 mediam
831 2409 998 2457 narrationem
1008 2409 1167 2457 cententiolea
1178 2409 1223 2457 hae
1232 2407 1339 2466 intrudi,
1350 2421 1400 2470 pu·

321 2489 372 2537 tide
380 2505 483 2554 protana
495 2502 519 2539 et
527 2505 645 2556 perquam
654 2490 750 2540 inscite.
758 2493 885 2552 Quorsum
894 2493 961 2539 enim
965 2491 1008 2540 hie
1016 2492 1138 2557 Quidum?
1146 2509 1222 2557 quum
1229 2495 1280 2553 iam
1290 2491 1400 2546 dixerat,

322 2588 353 2620 ne
364 2589 442 2620 unum
458 2575 560 2638 quidem
574 2573 622 2622 nlla
635 2573 723 2621 mundi
737 2584 806 2638 parte
823 2575 896 2622 vitam
912 2575 1062 2640 patrimonio
1073 2575 1206 2642 preferre?
1219 2575 1301 2636 Quale
1319 2584 1399 2622 autem

321 2654 397 2716 illud,
403 2655 493 2718 streete
499 2655 669 2721 patrirnortin?
682 2672 736 2720 qua
747 2655 840 2704 anabiea
854 2655 1004 2705 locutionis?
1014 2659 1094 2720 Quam
1107 2657 1215 2704 alienum
1225 2666 1250 2703 et
1260 2671 1399 2719 pannorum

322 2737 398 2800 illud,
412 2738 475 2786 vitio
486 2739 564 2787 roeci?
582 2739 650 2804 qnod
662 2755 692 2787 eo
705 2747 800 2788 tannem
809 2739 928 2800 adnuitur,
939 2751 967 2788 ot
980 2741 1094 2789 versiculi
1104 2749 1176 2788 cento
1190 2740 1318 2788 ureiatur.
1333 2736 1401 2816 Epgo
1507 2793 1508 2796 Ἴ

323 2820 397 2870 obelo
408 2819 571 2886 configendus
581 2823 630 2870 hoa
640 2839 723 2872 verena
736 2824 768 2871 50
780 2830 806 2872 et
817 2825 847 2872 ⁵1
859 2839 960 2884 neuae03
974 2826 1068 2872 etiarnsi
1079 2835 1147 2874 vetor
1157 2823 1241 2872 schol.
1258 2839 1305 2888 pro
1315 2822 1402 2890 genui·
1507 2835 1508 2898 ᾗ

322 2905 362 2953 nia
377 2905 513 2970 agnoverit.
527 2905 644 2954 Sciebant
662 2907 722 2956 olim
740 2907 890 2955 sententiosa
906 2906 1051 2966 huiuamodi
1070 2908 1098 2954 in
1115 2907 1224 2971 margine
1242 2905 1326 2965 assini,
1346 2920 1398 2969 que
1507 2907 1508 2924 ¹

321 2999 406 3052 postea
419 2988 444 3035 in
456 2997 599 3041 contextum
610 2991 768 3055 irrepserunt.
782 2991 822 3038 Sic
837 2989 941 3038 disticha
954 2989 1110 3054 Epimytitia,
1122 3005 1176 3052 qna
1190 2989 1293 3054 cingulis
1304 2986 1396 3036 Avieni

324 3073 412 3120 fabalia
422 3071 613 3138 subiunguntur,
621 3075 703 3123 omnia
711 3074 867 3139 anppoaititia
877 3085 946 3134 aunt,
958 3085 982 3122 et
991 3074 1019 3120 in
1024 3075 1140 3134 Galeano,
1151 3089 1200 3138 quo
1208 3089 1267 3122 usna
1277 3089 1345 3134 num,
1352 3087 1394 3120 oo·

324 3153 378 3202 dice
388 3155 455 3202 nulla
465 3167 631 3220 comparean-
646 3159 791 3222 Restagatur
804 3157 866 3206 Auia.
879 3159 949 3218 cujua
956 3167 1013 3205 nota
1025 3168 1062 3205 eat
1072 3172 1079 3206 ε
1089 3177 1100 3198 ι
1107 3157 1178 3205 Nihil
1192 3157 1220 3204 in
1229 3157 1269 3203 hia
1282 3153 1394 3204 versibus

326 3238 504 3286 inconvenieus
520 3249 557 3285 est
572 3253 618 3286 uec
631 3239 753 3300 alienum,
768 3239 833 3288 nihil
845 3240 912 3304 qood
923 3239 1030 3305 giorum
1043 3239 1163 3298 redoleat,
1176 3240 1238 3304 quin
1250 3241 1329 3287 immo
1341 3255 1399 3286 aen·

325 3322 426 3370 tentiam
441 3323 509 3369 omni
520 3332 589 3386 parte
600 3339 682 3370 veram
694 3323 728 3369 illi
739 3340 823 3372 verane
836 3323 897 3370 mihi
907 3324 995 3370 offerre
1006 3323 1130 3371 videntur.
1142 3323 1213 3372 Adde
1226 3323 1294 3388 qood
1307 3324 1336 3370 in
1346 3339 1398 3370 nm·

324 3405 401 3456 nibua
413 3405 491 3455 cndu.
501 3404 628 3469 legantur,
640 3413 664 3452 et
674 3403 700 3452 id
711 3417 777 3454 certe
788 3405 858 3452 aliter
867 3405 987 3454 eveniaset
993 3443 1001 3466 ,
1010 3407 1044 3467 ai,
1056 3417 1083 3454 nt
1092 3405 1216 3456 Bentleiur
1227 3416 1320 3454 temere
1330 3405 1400 3454 affert
1506 3449 1507 3468 ,

326 3491 353 3540 iu
366 3489 489 3552 medium,
502 3507 534 3538 ex
543 3489 623 3554 glonna
632 3506 646 3536 a
654 3488 777 3538 monacho
785 3499 864 3537 aannta
875 3487 927 3536 uati
935 3489 1044 3539 ionum.
1051 3512 1063 3532 ι

361 3647 434 3693 Vn.
453 3645 496 3693 51.
516 3643 667 3705 Coeciuitio,
684 3645 730 3704 16,
742 3657 781 3691 nn.

362 3735 430 3787 Nor.
450 3737 499 3795 50,
521 3735 563 3788 51.
582 3738 638 3786 Non
647 3749 750 3804 propter
760 3735 849 3795 vitam,
863 3733 925 3789 vite
938 3732 1116 3787 sustentanda
1130 3749 1223 3798 canna,
1234 3734 1399 3802 saciuntpe-

749 3905 980 3929 mmmmm

365 4044 375 4068 ¹
395 4037 454 4088 vid.
464 4041 582 4105 Xenoph.
594 4042 740 4092 ilint.Graec.
753 4043 797 4093 lib.
807 4045 840 4104 V,
922 4051 933 4077 ²
950 4044 1015 4094 vid.
1033 4045 1098 4094 Plnt.
1112 4042 1240 4108 Apophth.
1253 4043 1320 4107 Opp.
1332 4053 1350 4090 t.
1363 4045 1387 4090 11
1395 4079 1401 4102 ,

328 4135 384 4185 pag.
394 4119 550 4180 aii-4425
563 4123 671 4187 Interpp.
683 4125 751 4173 Curt.
765 4125 841 4184 vm,
885 4141 940 4190 pag.
953 4125 1016 4186 178,
1028 4123 1068 4174 ed.
1077 4121 1230 4173 Francoiurt.
1242 4131 1267 4170 et
1278 4121 1358 4171 Cicer.
1368 4121 1399 4169 nd

329 4201 352 4262 8,
364 4215 392 4264 9,
407 4215 453 4264 ¹93
467 4200 531 4264 Nep.
546 4201 631 4268 Pelop.
646 4204 673 4266 1,
684 4215 708 4253 et
720 4203 805 4269 steph.
888 4205 937 4254 Att
947 4191 976 4266 1,'
987 4207 1026 4254 ιθ.
