3074 4990
358 392 402 470 34
519 385 690 452 VARIAE
712 383 1009 450 LECTIONES'
1028 385 1092 448 ET
1115 383 1272 449 NOTAE

394 509 462 556 Vn.
484 505 540 554 10³.
558 503 887 568 qucnaatr,13,an,2!„
901 511 926 549 et
937 503 964 549 X
973 501 1043 549 tiss,
1055 501 1130 550 Paris.
1144 500 1212 566 quod
1225 515 1295 550 nune
1305 515 1351 564 pro
1365 499 1433 564 vulg.

357 589 604 657 loquenturrcrocavi
612 601 669 636 oum
677 584 743 634 bob.
755 586 813 650 quia
826 585 937 650 seqnitur
947 583 1066 633 clamant.

394 684 420 735 N
422 701 465 734 or.
489 680 548 733 103.
569 685 613 744 Ut,
627 677 759 750 quamvis.
776 707 811 716 -·
828 682 942 728 lumenta
952 675 1193 744 loquunturetcartt‘s
1205 687 1316 742 etpostes
1328 687 1353 724 et
1365 693 1437 724 mur·

359 786 444 828 mora,
468 760 697 837 quemadmodum
714 760 860 833 proverbio
879 759 980 813 dicitur
999 763 1073 812 etlam
1093 779 1160 810 saxa
1180 763 1314 828 loquentur.
1335 758 1438 811 Confer

359 851 481 922 Propert.
493 850 524 913 1,
542 847 588 910 18,
601 853 628 911 43
642 845 781 899 Habacuc.
792 845 836 907 11,
852 861 897 909 ιη
911 843 1012 896 Catull.
1027 841 1084 908 VI,
1097 861 1128 912 7,
1143 843 1234 914 ibique
1247 843 1375 913 Doering.

393 997 461 1067 lin.
483 1021 539 1068 105.
562 1017 643 1074 Tolle,
655 1014 695 1062 15.
714 1011 804 1062 Tollite
816 1027 864 1077 pro
872 1012 938 1076 vulg.
949 1011 1026 1061 tollite
1036 1029 1104 1061 nunc
1115 1015 1196 1079 recepi
1209 1030 1266 1061 cum
1276 1013 1340 1061 Acb.
1349 1030 1381 1061 ex
1397 1030 1439 1068 ro,

360 1103 471 1162 13,16,
489 1117 558 1163 17,a
570 1115 602 1146 m.
613 1113 660 1146 sec.
677 1099 722 1160 18,
736 1097 833 1160 19,a5,
846 1111 887 1158 η,
899 1097 1020 1157 lli—50,
1032 1098 1280 1161 54-69,71-7t,
1292 1113 1334 1159 77,
1345 1108 1368 1145 et
1378 1098 1437 1161 qui-

358 1185 464 1233 busdam
476 1182 556 1232 Codd.
569 1182 645 1230 Paris.
658 1197 716 1227 nam
729 1179 804 1227 verbs
814 1178 905 1227 claude
918 1189 941 1226 et
948 1179 1030 1244 junge
1040 1180 1191 1244 praecedunt.

394 1279 465 1330 Nor.
487 1273 546 1326 105.
567 1276 630 1324 Vela
646 1285 728 1340 tegant
741 1273 833 1338 rimas,
848 1271 921 1326 coni.
936 1273 1056 1326 Martial.
1070 1275 1084 1325 I
1093 1313 1100 1337 ,
1114 1275 1161 1340 35,
1177 1274 1192 1327 5
1207 1293 1261 1345 seq.
1279 1273 1335 1336 XI,
1357 1278 1408 1338 46,
1422 1275 1437 1326 3

357 1378 412 1430 seq.
428 1370 457 1411 et
472 1373 554 1428 supra
571 1353 606 1408 ad
623 1355 680 1420 Vi,
703 1354 762 1406 228.
780 1386 816 1395 -
835 1359 905 1407 Ostia
921 1370 945 1407 ee
954 1361 1045 1422 januae
1063 1377 1156 1430 propr.
1175 1357 1305 1411 dicuntur
1319 1359 1390 1411 fores
1409 1359 1437 1410 in

358 1441 497 1494 liminibus
517 1437 629 1502 adium,
653 1437 795 1491 introitum
816 1437 927 1506 dantes,
943 1441 1020 1510 quasi
1040 1461 1066 1491 os
1087 1455 1114 1494 et
1134 1446 1233 1493 lacum.
1257 1441 1358 1494 Confer
1377 1441 1437 1494 Cic.

357 1529 392 1580 Ν,
417 1529 450 1580 l).
479 1543 584 1660 ’2⁵²7’
598 1527 679 1593 junge
698 1525 778 1587 ostia,
801 1521 915 1590 claude,
938 1537 968 1577 ut
982 1529 1081 1595 junctas
1097 1527 1223 1596 finestrcs
1245 1525 1314 1580 dixit
1338 1527 1439 1577 Horat.

361 1608 415 1663 od.
439 1611 469 1673 1,
494 1626 508 1660 a
534 1646 543 1672 ,
570 1625 593 1660 r.

394 1771 464 1817 Vn.
484 1767 542 1816 106.
563 1765 678 1813 Clamant
685 1774 709 1812 et
718 1766 829 1814 clament
838 1781 926 1815 omnes
934 1765 1014 1815 Codd.
1027 1767 1107 1814 nostri
1119 1778 1144 1814 et
1156 1766 1232 1814 Paris.
1244 1782 1291 1814 nec
1301 1780 1355 1813 non
1366 1764 1439 1822 45—

358 1854 406 1911 50,
424 1851 470 1912 54,
486 1847 536 1910 55,
557 1849 675 1913 57—65„
693 1863 734 1909 71,
752 1865 800 1910 pa,
817 1850 863 1910 73,
884 1865 927 1912 77.
947 1849 1059 1895 Taeecnt
1075 1849 1200 1896 substituit
1218 1849 1340 1908 Pithoeus,
1361 1864 1439 1911 quem

359 1934 437 1983 secuti
450 1943 508 1982 sunt
525 1931 632 1980 editores
648 1941 764 1992 recentt.,
781 1943 896 1996 putantes
910 1932 972 1980 illud
989 1943 1076 1980 contra
1092 1943 1200 1982 mentem
1216 1942 1296 1996 poetas
1312 1933 1370 1981 dici.
1387 1935 1440 1982 Sed

359 2028 424 2066 recte
445 2034 498 2065 eam
516 2017 610 2079 cepisse
628 2015 726 2064 videtur
741 2016 805 2065 sch.
829 2032 879 2080 quo
896 2027 1021 2081 preeunte
1038 2031 1121 2064 veram
1139 2027 1163 2064 ct
1180 2027 1230 2065 aut.
1249 2017 1305 2066 lect.
1324 2017 1439 2064 omnium

358 2103 480 2150 librorum
492 2115 560 2160 nunc
570 2099 665 2148 restitui
675 2109 699 2147 et
710 2100 803 2148 mutavi
815 2099 1009 2148 distinctionem.
1025 2099 1113 2148 Tollite
1124 2101 1206 2148 lumen
1215 2101 1238 2144 Ε
1249 2099 1342 2158 medio,
1356 2100 1441 2148 elas-es

360 2201 461 2247 omnes,
475 2199 553 2248 prope
566 2199 636 2230 nouo
649 2182 778 2230 recumbat
787 2184 885 2232 emend.
897 2183 1015 2231 Sebumfl.
1028 2183 1151 2247 quianon
1165 2193 1221 2247 apte
1233 2183 1328 2230 dicatur
1341 2199 1440 2238 ornnes,

359 2270 380 2316 si
390 2268 437 2316 soli
447 2278 490 2316 eut
498 2266 552 2314 bini
561 2267 612 2314 sint
622 2267 687 2314 iutra
697 2267 831 2316 maclovio.
841 2271 899 2332 lpse
912 2267 973 2315 olim
987 2265 1130 2330 suspicabar
1132 2265 1248 2330 jaceant,
1259 2265 1310 2314 scil.
1322 2266 1349 2312 in
1360 2266 1444 2324 lecto,

359 2369 403 2400 sen
413 2366 501 2400 somno
510 2360 535 2398 et
546 2350 627 2398 media
636 2359 709 2398 nocte
720 2347 773 2414 (ad
781 2361 879 2398 carnum
891 2349 968 2414 galli,
980 2365 1016 2396 vs.
1029 2365 1086 2409 107,
1098 2365 1148 2412 quo
1161 2349 1316 2413 potissimum
1326 2357 1442 2412 tempore

359 2435 453 2501 aliquid
467 2436 528 2483 clam
541 2433 597 2482 fieri
609 2443 690 2499 potest
702 2445 727 2484 et
740 2435 818 2499 solet)
834 2451 916 2482 ornnes
929 2435 994 2482 servi
1007 2449 1035 2482 sc
1048 2433 1150 2496 reliqui,
1164 2433 1248 2498 quiin
1260 2433 1355 2480 edibus
1368 2444 1443 2492 sunt,

359 2531 384 2568 et
397 2520 486 2568 remoti
501 2517 643 2567 acubiculo
658 2516 768 2578 domini,
777 2535 857 2582 prope
871 2519 920 2568 hoc
936 2518 1080 2566 cubiculum
1094 2533 1165 2564 nemo
1181 2517 1317 2576 recumbat,
1332 2527 1377 2564 etc.
1390 2517 1442 2564 Sed

358 2613 470 2660 nonest,
482 2601 550 2666 quod
558 2599 731 2660 emendemus,
741 2616 795 2665 qua
806 2602 863 2649 saus
874 2600 1041 2662 conveniunt,
1052 2610 1078 2647 et
1088 2615 1238 2664 reponemus
1247 2609 1358 2662 taceant,
1371 2600 1442 2664 quod

360 2685 423 2734 male
435 2693 595 2748 repeteretur.

397 2779 467 2834 Nor.
488 2780 548 2829 106.
569 2779 685 2826 Clarum
694 2795 795 2842 omnes,
810 2787 891 2829 tantas
901 2777 1019 2829 infamias
1032 2777 1124 2848 palam
1135 2775 1327 2840 adversantur,
1345 2789 1443 2830 contra

363 2875 509 2934 assurgunt
519 2883 527 2928 ;
538 2861 605 2914 neh.
616 2860 694 2914 Conl.
706 2862 771 2914 Var.
781 2863 856 2915 Lect.
864 2893 899 2904 -
908 2867 987 2929 Prope
998 2862 1166 2914 cubiculum.

396 3034 466 3081 Van.
488 3047 545 3092 ¹⁰7·
564 3029 634 3079 Galli
642 3041 757 3091 canwm,
771 3047 811 3093 ιι,
825 3043 865 3090 rt.
878 3059 913 3070 -
924 3034 995 3100 lpse,
1011 3049 1053 3082 no.
1062 3059 1099 3070 —
1109 3029 1257 3091 Seertrtdum,
1277 3049 1316 3094 17,
1327 3048 1367 3092 7²·

398 3125 469 3176 Nor.
489 3141 548 3193 ¹⁰7·
569 3127 645 3189 Quod
660 3138 742 3176 tamen
758 3128 801 3177 ille
817 3124 893 3179 dives
909 3123 1036 3178 dominus
1053 3143 1085 3178 ac
1104 3123 1221 3177 cinudus
1229 3125 1311 3192 facit,
1328 3122 1444 3176 libidini
1525 3149 1526 3154 ¹

361 3205 520 3278 indulgens,
530 3209 568 3256 ad
577 3221 675 3256 earnem
683 3210 749 3274 galli
755 3212 871 3270 secundi,
883 3211 937 3262 boc
950 3222 1003 3272 est,
1016 3207 1178 3271 secundum,
1189 3207 1310 3278 adeoque
1320 3220 1446 3280 tempore

363 3292 540 3352 antelucano,
551 3302 582 3342 nt
590 3309 653 3342 mox
662 3295 810 3344 antediem:
820 3309 885 3345 nam
899 3293 986 3364 gallus
997 3293 1115 3364 primum
1127 3310 1144 3344 a
1156 3291 1245 3344 media
1259 3306 1337 3344 nocte
1352 3292 1446 3358 canit,

362 3387 389 3429 et
404 3373 503 3429 deinde
517 3371 607 3426 medio
622 3373 692 3426 inter
704 3377 853 3444 μεσονύκτιον
868 3388 894 3427 et
911 3395 1036 3428 auroram
1050 3377 1146 3448 spatio.
1167 3377 1259 3440 Quare
1275 3375 1341 3446 galli
1357 3389 1446 3430 noctu

363 3471 477 3524 canant,
488 3456 643 3529 disquirunt
654 3457 710 3511 Cic.
721 3459 782 3513 Dir.
793 3458 838 3523 ΙΙ,
847 3463 895 3522 263
908 3459 978 3512 Plin.
991 3461 1032 3524 X,
1047 3457 1316 3528 21‚seusl(ubivid.
1329 3460 1447 3533 intpp),

363 3555 391 3596 ct
404 3543 469 3596 Cosl.
484 3539 603 3612 Rhodig.
618 3541 697 3605 XIV,
711 3543 752 3596 13.
765 3571 802 3583 -
818 3541 942 3594 Macrob.
955 3543 1064 3594 Satura.
1074 3544 1101 3605 Ι,
1116 3543 1147 3606 3,
1162 3555 1267 3595 noctem
1277 3541 1376 3595 dividit
1390 3545 1447 3596 hoc

363 3624 467 3677 modo:
485 3650 496 3671 ι
507 3625 625 3696 primum
643 3637 748 3696 tempus
767 3636 807 3678 est
823 3623 917 3677 medie
935 3624 1022 3676 noctis
1043 3623 1197 3689 inclinatio,
1216 3623 1313 3677 deinde
1336 3627 1448 3696 gallici·

362 3707 452 3771 nium,
471 3718 534 3778 post
552 3707 741 3777 conticinium,
757 3727 841 3781 quum
856 3721 882 3761 ct
898 3708 964 3779 galli
981 3708 1178 3771 conticescunt,
1194 3719 1221 3760 et
1237 3709 1380 3779 quiescunt
1396 3711 1448 3764 lio-

363 3789 476 3842 mines.·
496 3791 550 3842 En.

395 3951 461 3997 Vsu.
484 3949 541 3996 108.
559 3947 636 4009 Sciet,
650 3951 695 4003 45.

395 4039 467 4092 Nor.
489 4039 548 4090 108.
568 4042 712 4104 Proximus,
725 4040 846 4104 ricinus,
860 4041 1006 4108 finitimus,
1019 4059 1098 4108 euripo
1111 4042 1261 4102 antediem,
1276 4044 1332 4112 jam
1345 4041 1444 4096 codem

359 4120 416 4174 lere
430 4133 565 4194 tempore,
584 4141 639 4194 quo
658 4122 828 4191 factumest,
842 4125 927 4196 paulo
942 4137 1004 4196 post
1019 4127 1091 4186 sciet,
1109 4143 1125 4176 a
1139 4125 1221 4184 serris
1238 4125 1402 4198 comperiet,
1422 4144 1446 4177 et
