3074 4990
986 341 996 370 t

402 453 457 516 IN
480 451 712 516 SATIRAM
734 449 930 518 ΝΟΝΑΜ.
1163 459 1202 524 35

123 565 210 615 «odiet
221 563 318 630 timul,
334 583 390 633 quer
395 565 643 635 pariterfinnerunt,
653 562 828 626 affinxerunt,
840 565 984 618 commenti
992 579 1069 634 sunt,
1080 573 1206 636 Iibmrr'ns,

121 652 286 720 ortbs'ntagiri
292 664 319 705 et
326 665 468 718 carptores,
478 651 532 704 lroc
544 663 597 716 est,
611 650 680 704 terri
688 667 695 702 :
704 666 768 702 nem

314 751 384 795 Fama
395 747 494 801 malurn,
512 764 561 810 qno
573 763 622 794 nou
640 747 705 797 eliud
717 737 823 793 velocius
834 747 924 794 ullum:

314 822 451 869 Mobilitate
462 823 528 884 riget
538 823 649 883 viresque
660 821 764 883 acquirit
774 821 862 868 eundo.

120 910 201 981 Virg.
214 909 321 964 AEneid
334 912 385 978 IV,
398 916 448 982 ¹7⁴
459 929 513 982 seq.
535 910 604 963 Cum
618 907 726 964 delectu
736 910 844 982 positus
859 923 900 964 est
913 929 1005 982 caupo,-
1017 932 1081 968 num
1095 917 1124 970 in
1139 938 1206 974 cau·

122 1011 225 1064 ponam
232 993 327 1060 multi,
335 994 406 1066 iique
415 991 586 1066 rumigeruli,
596 991 718 1065 quotidie
727 995 816 1064 etjam
823 1013 929 1048 summo
938 1013 1016 1050 mane
1027 1002 1205 1059 conveniunt:

121 1091 253 1148 patema
258 1081 388 1145 proximus
396 1090 444 1131 ert.
454 1080 618 1129 -Lr'brurr'us
627 1095 719 1132 servus
727 1115 735 1139 ,
744 1076 847 1142 scriba,
858 1078 906 1148 qui
916 1078 1018 1144 libros,
1028 1081 1155 1153 epistolas
1170 1087 1204 1141 al.

122 1161 264 1215 describit.
284 1161 354 1213 Aliis
372 1175 412 1214 est
429 1179 522 1215 servus
539 1163 608 1212 titre
624 1159 786 1232 prepositus
804 1161 961 1229 cunensis,
980 1178 1027 1218 aut
1044 1165 1208 1226 ferculorum

122 1243 254 1299 din'hitor
262 1258 290 1298 et
300 1244 382 1298 index
392 1249 483 1299 elr'bro.
490 1275 527 1285 -
536 1246 703 1314 Ambimegr'n'
708 1287 715 1312 ,
723 1245 907 1318 ἀρχιμάγειροι,
917 1247 1039 1320 magistri
1048 1269 1207 1322 coquorum.

122 1361 158 1370 -·
168 1332 302 1398 carptores
309 1351 321 1390 ,-
331 1327 386 1382 virt.
399 1327 436 1382 ad
444 1331 479 1393 V,
489 1347 553 1392 rao,
563 1339 591 1380 et
599 1327 675 1400 Lips.
688 1329 796 1382 Saturn.
805 1320 893 1384 'Serm
907 1332 953 1394 ΙΙ,
968 1349 991 1384 a.

160 1489 232 1536 Van.
255 1503 313 1552 ¹⁰9-
332 1486 460 1546 Liber-ins,
475 1485 523 1534 hoc
535 1495 584 1547 est,
595 1486 745 1545 dulciorins,
759 1488 824 1548 conj.
834 1502 888 1536 non
896 1503 983 1550 uerno,
994 1497 1055 1538 teste
1066 1491 1207 1544 Plethuero.

159 1585 230 1632 Vn.
251 1599 312 1632 rso.
331 1583 469 1647 napum,
494 1591 518 1639 4.
540 1584 668 1640 Fartoret,
691 1583 720 1642 6,
745 1597 787 1629 21.
805 1579 934 1645 Captoret,
958 1592 997 1639 ι4.
1018 1583 1071 1632 Nec
1089 1585 1206 1649 deluere,

121 1665 217 1730 quibus
230 1665 285 1714 hmo
298 1665 453 1714 arriderent:
469 1681 512 1712 eos
528 1675 610 1714 tumen
624 1681 678 1716 non
691 1663 774 1713 honos
789 1675 899 1712 veterum
912 1665 1084 1716 conviviorum
1100 1669 1207 1720 arbitros

120 1751 213 1805 fuisse,
225 1749 286 1798 dicit
297 1751 364 1814 Lips.
374 1749 560 1797 Saturn.Serm.
575 1751 613 1808 11,
626 1765 651 1798 c.
667 1776 702 1786 -
716 1747 797 1814 Quid,
811 1765 840 1811 ¹⁷
855 1765 914 1798 am.
924 1766 964 1814 pr.
979 1765 1021 1816 19,
1035 1753 1083 1813 46,
1095 1755 1141 1817 46,
1153 1758 1207 1820 59,

120 1834 172 1890 60,
185 1835 230 1891 64,
244 1833 287 1882 65.
304 1831 366 1896 Qui,
382 1841 424 1894 47.
439 1831 487 1880 Sed
500 1831 599 1899 gravius
611 1831 725 1896 estquod
733 1831 833 1882 crimen.
850 1831 952 1881 Nullum
962 1843 1000 1882 est
1010 1836 1117 1898 crimen,
1132 1839 1202 1904 quod
1288 1849 1294 1866 ⁸

124 1930 183 1963 non
192 1925 361 1980 oomponant,
372 1925 418 1964 eto.
433 1942 467 1952 —
483 1913 604 1975 Carmen,
616 1923 663 1977 49,
673 1914 722 1975 60,
734 1915 776 1964 65.

159 2013 231 2060 Van.
253 2027 311 2061 ιιι.
329 2010 527 2068 Dominum,at.

160 2103 233 2156 Nor.
253 2120 318 2164 rto,
335 2121 395 2156 ur.
416 2102 508 2155 Senec.
519 2101 607 2174 Epist.
620 2109 653 2172 47
664 2121 673 2151 .·
685 2101 954 2158 ·1ntetieitrusrervie
963 2122 1072 2159 movere
1083 2105 1161 2161 labra
1172 2127 1206 2162 ue

118 2189 149 2240 in
160 2187 217 2240 lroc
229 2185 357 2260 quidem,
371 2199 403 2238 ut
413 2187 569 2258 loquantur,
582 2185 661 2252 licet;
679 2187 756 2259 virga
767 2205 890 2240 murmur
899 2205 978 2241 omne
989 2189 1171 2260 compescitur
1180 2204 1207 2244 et

117 2289 154 2324 ne
165 2271 281 2323 fortuita
289 2268 399 2342 quidem
410 2270 569 2324 verberibus
578 2282 689 2342 excepta
697 2282 773 2336 sunt;
782 2310 788 2322 .
797 2308 803 2320 .
812 2309 833 2322 ..
844 2270 883 2322 sic
892 2269 937 2331 lit,
950 2281 980 2322 ut
991 2271 1035 2324 isti
1043 2271 1077 2325 de
1089 2272 1207 2328 dominis

117 2359 281 2428 loquantur,
294 2357 393 2430 quibus
406 2374 498 2409 corum
509 2354 622 2408 domino
631 2353 707 2426 loqui
716 2373 771 2407 nou
784 2355 857 2407 lieet.
865 2379 877 2401 r·
892 2385 928 2395 -
943 2356 1037 2406 Orsinen
1047 2377 1204 2426 componere,

117 2440 240 2510 fingere,
252 2438 421 2494 comminisci
431 2477 439 2505 ,
449 2452 480 2491 ut
491 2438 566 2511 apud
575 2438 661 2491 Cicer.
671 2438 751 2490 Verr.
760 2438 819 2504 111,
829 2440 872 2490 61.
882 2441 1024 2490 Rumoribus
1032 2441 1126 2504 malie,
1136 2462 1204 2515 quos

118 2523 152 2577 de
160 2521 285 2576 dominis
295 2523 349 2576 suis
361 2535 508 2596 spargunt,
520 2523 671 2573 ulciscuntur
680 2521 777 2582 baltea,
793 2518 847 2571 hcc
861 2529 917 2584 ert,
928 2538 1022 2573 eorum
1030 2524 1153 2577 verbera.
1169 2556 1204 2567 .-

117 2613 210 2660 baltea
220 2621 314 2661 autem
323 2627 417 2680 propr.
432 2607 538 2678 accipio
551 2604 585 2659 de
593 2604 708 2676 cingulis
717 2623 732 2656 e
744 2601 831 2666 corio,
840 2621 896 2655 non
907 2601 942 2656 de
952 2605 1019 2658 loris
1027 2608 1071 2661 vel
1079 2607 1202 2682 flagellis,

116 2712 175 2765 quo
182 2711 267 2746 sensu
275 2709 411 2763 nusquam
420 2709 474 2744 vox
486 2689 600 2760 legitur;
618 2686 872 2742 etsisententiufere
881 2687 1034 2744 eudemert.

152 2791 180 2842 N
183 2809 228 2842 or.
253 2807 313 2840 rra.
332 2792 383 2836 Per
392 2788 499 2854 compita
508 2824 517 2851 ,
526 2785 574 2838 ubi
585 2785 696 2856 plurimi
706 2783 827 2837 homines
838 2785 1011 2840 conveniunt.

152 2889 227 2941 Nor.
251 2886 311 2938 113.
330 2887 459 2934 Nolentem
480 2883 564 2954 queri
585 2900 602 2935 ι
619 2881 735 2953 garrulis
754 2880 813 2934 istis
830 2900 977 2954 eorumque
996 2903 1083 2956 nugas
1101 2887 1203 2942 audire,

116 2970 199 3022 Conf.
208 2967 297 3022 verba
309 2966 412 3037 garruli
423 2962 498 3038 apud
510 2965 607 3016 Horat.
619 2963 699 3016 Setir.
711 2964 741 3028 1,
751 2979 786 3030 9,
800 2969 830 3026 14
841 2981 897 3035 seq.
912 2967 1024 3028 Vmerus,
1037 2967 1143 3031 ebrius,
1156 2973 1203 3042 qui

117 3055 212 3108 omnia
220 3093 228 3116 ,
236 3053 321 3108 etiam
330 3069 445 3114 arcana,
455 3049 564 3103 ettutire
576 3048 653 3102 solet.
666 3049 785 3112 inebriet,
800 3047 885 3100 lucete
896 3048 925 3100 h.
938 3049 992 3103 loc.
1003 3049 1037 3104 de
1049 3055 1141 3106 vinoso
1153 3075 1203 3127 pro

117 3133 257 3190 obtundat
266 3135 313 3188 vel
325 3133 452 3206 impleut,
465 3151 566 3192 aurern,
579 3144 610 3184 ut
621 3133 719 3197 spiritus
732 3132 798 3180 neris
804 3133 910 3202 statibus
919 3137 1050 3187 venenatis
1062 3139 1201 3200 inebriatur,

118 3219 194 3293 apud
203 3217 301 3274 Sidon.
314 3217 403 3290 Epist.
415 3219 443 3280 Ι,
457 3215 483 3270 5.
493 3222 573 3267 Aures
586 3217 735 3266 sermonibus
745 3215 858 3282 reservire
869 3214 913 3266 vel
927 3217 1048 3284 imbuere,
1060 3219 1134 3292 apud
1144 3221 1201 3275 Cic,

122 3325 174 3377 pro
184 3305 256 3357 Rab.
268 3305 334 3355 Post
349 3309 395 3364 ι4,
406 3313 434 3354 et
444 3299 531 3352 Tacit.
545 3299 616 3350 Hist.
629 3300 679 3363 tv,
690 3317 714 3368 7.
730 3297 775 3352 stc
789 3310 816 3351 et
825 3297 898 3351 Galli
907 3298 1002 3354 dieunt
1013 3322 1019 3356 :
1030 3307 1124 3356 errr'vrsr
1133 3311 1202 3373 quel.

123 3387 200 3456 qu'rrn
217 3391 248 3440 de
261 3405 308 3437 sort
325 3387 410 3450 babil,
431 3403 477 3438 seu
493 3398 589 3450 caquet.
611 3381 740 3435 Similiter
761 3381 817 3433 lere
840 3383 955 3436 Romani
972 3389 1065 3449 bibere,
1087 3391 1201 3457 haurire,

122 3473 223 3521 trabere
236 3471 336 3520 auribus
352 3470 396 3521 vel
412 3470 496 3530 oeulis,
510 3486 562 3538 pro
574 3464 748 3538 cupidissime
762 3463 857 3518 audire
866 3479 893 3518 ot
902 3467 1079 3522 intentissime
1094 3468 1202 3535 videre,

121 3553 243 3624 metaph.
253 3554 288 3606 ab
300 3551 432 3606 aviditate
443 3550 555 3605 bibendi
568 3551 660 3624 petitu.
681 3557 773 3602 Aurem
786 3552 914 3614 mr'sernrn,
928 3563 1021 3617 tuum,
1037 3553 1084 3623 qui
1100 3555 1139 3607 sic
1152 3557 1203 3609 mi·
1297 3561 1299 3568 ’

122 3655 181 3689 sere
191 3635 326 3708 torqueris
338 3654 345 3688 :
362 3635 541 3688 miserrimum
552 3635 624 3688 enim
635 3647 692 3700 est,
710 3632 813 3705 garruli
824 3634 931 3706 ineptiis
942 3635 1074 3706 patientes
1084 3641 1203 3709 prebere

122 3737 211 3774 aures.

157 3867 227 3916 Vn.
251 3875 309 3922 ιι4.
330 3867 417 3930 Ilugo,
435 3866 474 3912 ι6.

159 3961 230 4012 Nor.
251 3965 312 4022 ιι4.
331 3961 392 4010 Illos
405 3975 505 4010 servos.
520 3961 600 4007 Panto
617 3969 690 4018 enee,
703 3973 776 4026 supr.
790 3973 828 4006 vs.
844 3957 976 4022 93-101.
992 3963 1105 4025 Petebat,
1120 3963 1204 4017 scilic.

120 4053 344 4094 taciturnitatem.

159 4141 231 4192 Nor.
253 4143 315 4192 116.
336 4144 417 4205 erem
426 4149 624 4204 putaretantum
633 4136 746 4196 Falerni,
756 4133 811 4185 vini
820 4135 1044 4206 prestantissimi,
1058 4151 1085 4190 et
1094 4139 1203 4209 quidem

124 4227 243 4291 subrepti,
256 4223 351 4277 furtim
363 4222 464 4287 abluti,
482 4219 557 4292 quod
568 4219 676 4273 dulcius
691 4237 747 4271 etse
762 4215 872 4283 dicitur,
892 4232 1010 4287 quantum
1026 4221 1123 4270 bibebat
1136 4227 1203 4272 Lau·

1012 4303 1041 4366 3.
