3030 4984
222 473 275 544 IN
297 473 532 542 sarmati
554 467 799 539 DECIMAM
822 471 1060 539 tunultu.
1112 466 1175 536 265

120 582 155 638 tel
164 605 231 655 qaum
241 607 307 644 nee..
316 627 340 643 ..
352 590 450 656 esset),
467 609 513 642 nec
528 591 707 642 Hsrardnuror
715 603 738 640 et
750 590 883 650 Vulcanus,
897 585 1038 658 pocillator
1050 581 1175 648 deorum,

119 684 146 718 er
156 668 258 722 officina
275 674 389 740 liparaea
402 671 556 734 arcessitus,
572 672 647 724 lumo
660 672 745 742 niger,
761 683 787 722 et
802 671 868 722 hinc
883 663 986 720 brachia
1001 687 1016 720 e
1028 668 1137 720 fornace
1151 677 1178 718 et

117 748 214 804 camino
222 754 295 822 nigra
305 767 412 826 tegens,
423 754 473 806 sibi
490 752 642 826 detergens,
655 774 739 826 quum
750 753 776 806 io
789 773 821 806 eo
835 764 916 814 esset,
930 764 960 804 ut
972 751 1119 822 porrigeret
1128 749 1179 800 diis

118 833 205 901 pocula
214 875 222 898 ,
232 851 343 898 secure,
360 837 423 890 vino
437 837 565 900 deorum,
578 857 654 890 more
664 838 729 890 olim
741 836 837 901 solito,
847 839 905 902 jam
919 837 1025 892 siccato,
1035 833 1179 896 exhausto,

118 931 145 966 tx
159 918 316 986 crateribus,
338 919 485 991 majoribus
503 920 571 973 rasis
589 921 617 972 in
635 921 719 974 abaco
736 919 845 991 positis,
861 930 887 970 et
904 919 931 970 in
947 918 1057 982 cyathos,
1077 917 1181 966 mitiora

119 1000 220 1067 pocula,
233 1003 332 1060 infuso.
343 1004 423 1058 Conl.
435 1003 470 1056 ad
489 1005 524 1068 V,
539 1011 580 1076 47.
600 1006 670 1060 Nam
684 1004 825 1058 luvenalis
839 1003 956 1075 respexit
966 1003 1057 1056 locum
1070 1001 1180 1054 Homer.

121 1081 192 1140 Iliad.
202 1086 230 1153 l,
239 1086 289 1160 597
300 1107 355 1160 seq.
371 1087 419 1141 ubi
428 1089 564 1142 Vulcanus

319 1194 420 1266 strupt
431 1197 478 1254 τοῖς
490 1193 582 1246 ἄλλοισι
593 1195 652 1254 θοοῖς
665 1191 758 1256 ludiim
767 1196 840 1260 nima

320 1269 441 1345 ἠινοχόιι,
452 1277 529 1352 γλυκὺ
539 1279 626 1350 νέκταρ
636 1277 686 1330 ἀπὸ
700 1283 814 1350 κρητῆρος
824 1276 943 1347 ἀφύσσων.

118 1379 366 1450 (Πιῌοωίοοαω
376 1399 490 1448 neuere,
503 1399 530 1439 et
541 1385 613 1459 apud
627 1386 738 1440 Homer.
750 1384 804 1442 Od.
816 1385 872 1453 11,
887 1403 912 1458 9,
926 1402 968 1440 10.

319 1532 383 1549 .....
393 1495 459 1548 tutus
470 1489 494 1546 δ’
507 1496 534 1548 ἐκ
543 1500 657 1566 κρητῆρος
670 1494 781 1564 ἀφύσσων

320 1579 433 1648 Ouogia:
444 1579 541 1650 φορᾶῃσι
551 1577 593 1632 καὶ
607 1578 690 1652 incip
700 1573 849 1650 lesuram).

319 1652 472 1723 lassescat
485 1661 525 1734 ἄρ’
536 1663 621 1734 ἐνῶρτο
634 1664 711 1736 gisus
720 1662 854 1733 μακάρεσσι
864 1663 956 1727 θεοῖσιν,

319 1735 414 1806 bridus
427 1735 597 1814 ἥρσιστονδιὰ
610 1742 716 1818 δώματα
724 1746 881 1799 ποιπνύοντα.

123 1853 223 1910 Notavit
239 1856 317 1910 simul
338 1857 481 1914 discrimen
502 1858 605 1931 insigne
620 1861 729 1914 illoram
747 1861 958 1934 pincernarum,
976 1877 991 1912 e
1009 1858 1109 1930 quibus
1128 1853 1185 1908 duo

126 1937 374 2008 fuerefirrmosissimi,
387 1941 556 2016 Ganymedes
567 1957 594 1998 et
606 1945 698 2012 Hebe,
710 1945 803 1998 tertius
813 1963 877 1998 vero
891 1942 1033 2004 deformis,
1046 1939 1185 1993 Vulcanus

126 2023 225 2078 claudas
241 2039 267 2078 et
286 2025 361 2078 famo
376 2030 457 2096 niger,
475 2046 524 2080 nec
537 2028 594 2080 sine
610 2029 733 2082 irrisione
747 2025 860 2081 deorum
874 2041 900 2082 et
916 2024 1091 2099 pocillatoris.
1106 2020 1185 2074 Cous.

126 2106 160 2172 Χ,
172 2108 217 2162 ¹30
230 2129 283 2183 seq.
296 2124 323 2165 et
333 2113 369 2174 V,
382 2111 484 2165 52-62
492 2138 501 2174 ς
510 2111 601 2183 ibique
612 2125 668 2166 not.
681 2112 773 2164 Verba
782 2124 872 2165 tamen
882 2115 972 2163 siceota
983 2123 1082 2161 nectare
1092 2104 1186 2178 paullo

128 2191 208 2246 durias
219 2195 257 2248 sic
268 2193 356 2262 dicta,
371 2208 397 2248 et
410 2195 491 2248 lectio
504 2195 623 2267 vulgaris
635 2195 931 2264 emendandavidetur.
944 2195 1019 2248 Olim
1029 2189 1187 2262 suspicabar

125 2275 253 2347 legendum
263 2297 321 2332 esse
330 2295 338 2331 ε
346 2281 468 2349 necjam,
480 2279 523 2333 vel
538 2279 641 2350 potius,
654 2291 699 2329 uiue
705 2281 760 2344 J'um
774 2279 814 2344 (at
828 2297 889 2330 mox
902 2295 940 2330 vs.
955 2279 999 2344 ⁵0)
1011 2275 1069 2328 scil.
1081 2271 1115 2325 ad
1126 2287 1187 2341 cya-

127 2359 180 2411 thos
189 2374 252 2423 erat,
267 2379 314 2414 seu
326 2379 409 2432 quum
423 2376 491 2414 esset
501 2363 590 2415 siccato
601 2379 702 2414 natare
716 2365 815 2414 tendas
827 2359 997 2433 (extendens,
1011 2354 1190 2429 protendens)

124 2446 221 2496 Brachia
233 2449 372 2508 Vulcanus,
385 2447 470 2500 scilic.
486 2465 570 2518 quum
583 2447 682 2518 pocula
697 2445 748 2498 diis
759 2445 916 2517 porrigeret.
934 2443 990 2494 Has
1004 2442 1187 2511 conjecturas,

125 2544 225 2597 quaram
239 2547 277 2582 me
293 2528 417 2583 trundum
428 2531 554 2602 poenitet,
571 2529 728 2602 reprobavit
737 2533 870 2590 Herneele,
881 2527 958 2599 cujus
967 2537 1031 2579 nota
1043 2535 1081 2576 est
1090 2539 1097 2574 t
1107 2519 1189 2571 «Post

124 2627 192 2678 neque
205 2610 377 2684 disjunctivae
392 2614 539 2686 particulas
554 2627 617 2679 aut,
631 2619 690 2675 uel,
706 2627 756 2668 etc.
775 2611 893 2684 negandi
907 2612 962 2664 vim
979 2609 1096 2671 habere,
1111 2605 1188 2658 nul-lo

124 2692 288 2752 ¹⁰⁰d⁰⁸l¹lem
303 2710 340 2757 θ’.
356 2717 404 2760 aa,
418 2717 480 2767 qus,
498 2697 596 2751 docere
610 2697 701 2750 studet
718 2696 804 2752 Bentl.
819 2695 853 2750 ad
866 2696 962 2748 Horat.
981 2689 1069 2764 Epod.
1094 2691 1139 2746 16,
1158 2689 1190 2751 6,

127 2789 148 2830 et
159 2778 235 2833 Sum.
247 2783 277 2844 1,
297 2783 325 2846 6,
344 2783 389 2846 68,
406 2800 469 2835 cum
481 2800 535 2854 quo
550 2781 616 2834 t'acil
635 2781 778 2834 Ruhnken.
790 2779 826 2834 ad
837 2779 935 2832 Vellei.
949 2780 995 2842 11,
1013 2775 1056 2839 45·
1068 2770 1122 2828 Sed
1132 2769 1189 2826 sid.

131 2866 227 2934 (preter
237 2864 328 2918 Barsa.
341 2863 377 2918 ad
388 2862 469 2918 Ovid.
484 2867 550 2919 Met.
563 2865 625 2930 111,
639 2871 705 2933 49²³
718 2866 784 2918 Ero.
796 2863 831 2917 ad
844 2865 912 2918 Tac.
925 2865 993 2916 Ana.
1003 2861 1033 2925 I,
1043 2859 1091 2922 3ος
1104 2857 1190 2910 John-

134 2963 179 2999 τοο.
189 2961 214 3000 et
222 2949 270 3019 al.)
279 2968 412 3004 summum
421 2949 558 3004 Wolfium
569 2961 646 3002 acute
658 2968 708 3021 pro
721 2968 795 3002 more
804 2967 854 3001 sno
864 2946 897 3000 de
907 2948 949 3026 luis
961 2945 1144 3015 disputantem
1156 2938 1192 2992 ad

134 3029 186 3084 Tac.
195 3034 257 3084 Aua.
269 3034 299 3097 Ι,
311 3032 353 3085 3ο.
362 3033 428 3099 Max
441 3033 468 3084 iu
478 3033 523 3097 iis,
533 3049 592 3104 que
601 3043 757 3104 sequuntur,
770 3029 899 3085 mendum
911 3047 967 3083 esse
975 3039 1056 3099 pnt03
1069 3043 1100 3078 ea
1110 3035 1191 3088 certe,

135 3131 183 3184 qur
194 3115 347 3188 interpretes
362 3117 491 3179 attulere,
508 3117 588 3169 nauci
602 3134 657 3191 nou
671 3126 742 3167 sant.
763 3116 825 3184 lpse
838 3112 923 3174 nihil,
942 3107 1017 3181 quod
1030 3106 1192 3168 satisfaciat,

137 3195 263 3251 extundere
275 3198 362 3270 potui.
382 3197 458 3264 Quid
472 3197 594 3252 dicamus
608 3217 673 3252 vero
686 3197 720 3250 de
737 3199 892 3270 conjectura
911 3197 1028 3245 tendens?
1045 3187 1192 3257 Quomodo

140 3279 257 3336 Vulcanus
272 3283 372 3356 pocula
391 3283 529 3356 porrigere
547 3283 637 3355 potuit
655 3286 746 3334 siccata
764 3287 902 3332 uectura?-
922 3279 1013 3332 Potuit
1030 3275 1156 3336 omnino,
1170 3271 1193 3323 si

140 3363 205 3420 ruha
217 3367 306 3418 siccato
320 3379 420 3419 nerum
436 3385 469 3420 eo
486 3385 542 3440 quo
555 3383 637 3438 snpra
651 3363 710 3418 dixi
716 3401 725 3429 ,
738 3375 765 3416 et
778 3361 814 3416 ad
826 3363 863 3428 V,
879 3367 912 3434 47
921 3401 929 3429 ,
947 3377 1026 3414 sensu
1044 3356 1193 3430 acceperis;

543 3533 774 3556 mmmlssm

139 3677 231 3733 tegens,
242 3669 346 3719 drumm
360 3668 521 3719 accumbebat
532 3684 634 3731 meum,
679 3677 780 3732 epotum
795 3671 878 3711 nectar
893 3662 968 3726 nigro
982 3656 1086 3710 brachio
1105 3656 1136 3704 ab
1149 3671 1193 3703 ors

140 3757 161 3793 et
169 3759 240 3798 actm
254 3749 368 3815 potabat,
384 3749 439 3810 rel,
459 3749 570 3797 noudum
584 3759 635 3797 erat
679 3745 787 3795 detersit.
796 3743 910 3792 Ceteram
921 3740 1003 3789 omnia
1013 3739 1085 3803 plana
1094 3753 1159 3796 esse,
1171 3744 1196 3782 et

139 3825 247 3878 Vulcanus
257 3829 455 3888 faberdeotum,
465 3830 507 3894 qui
515 3831 568 3891 jam
578 3841 636 3894 post
680 3825 759 3872 facilia
780 3821 840 3870 dicit
862 3820 924 3868 Aah.
946 3819 974 3866 iu
990 3817 1039 3865 hoc
1059 3831 1153 3863 senaa:
1173 3822 1197 3862 st

139 3917 231 3956 nmotts
239 3909 321 3974 epulas
329 3918 354 3956 et
364 3909 545 3968 mensam,ubi
553 3917 639 3956 nectar
681 3919 758 3968 qaum
780 3898 893 3949 noadaia
924 3896 1072 3952 Vulcanus,
1100 3905 1195 3958 tergens

141 3984 248 4050 exhausit,
260 3988 350 4054 surgit,
361 4003 449 4036 manas
459 3997 563 4052 tergens,
574 4003 636 4050 aqua
681 3980 782 4030 brachiu
791 3979 864 4046 nigra
874 3977 973 4044 fuligine
983 3975 1103 4034 κνώσσοντος
1112 3973 1195 4039 etjam

21 4096 25 4117 t
128 4061 222 4126 fitetur,
236 4067 373 4131 ratpotius
390 4066 553 4118 madefaciens
564 4076 588 4114 et
602 4065 637 4112 ir·
681 4061 774 4111 siccato
790 4070 904 4118 nectare,
922 4057 1041 4106 exhausto
1062 4053 1131 4118 prius
1150 4067 1196 4116 po·

144 4139 212 4206 tignus
232 4141 327 4194 accuse
347 4154 436 4211 epoto3
459 4145 497 4192 vel
515 4144 637 4207 denique,
681 4141 738 4190 calo
749 4131 1197 4205 uectarispleao‚aulcyatliosadhuc

144 4215 519 4276 acalauvueuusiaolttcim
531 4224 638 4292 Liparas
682 4233 754 4272 esset.
