3030 4984
355 397 544 464 SATIRA
565 399 763 465 DECIMA
784 399 986 468 TERTIA.
1137 407 1200 491 247

137 508 341 605 Archigene:
357 510 438 604 quid
452 511 547 580 euim
561 510 683 580 velocis
699 511 804 605 gloria
820 509 943 606 plantae

137 621 287 705 Praestut,
307 634 342 688 et
359 619 508 690 esuriens
519 619 629 689 Pisaeae
648 643 760 690 ramus
774 619 891 692 olivae?

134 729 179 796 Ut
193 728 238 796 sit
251 751 391 826 magna,
407 743 521 798 tamen
536 743 625 800 certe
638 727 730 798 lente
746 729 795 798 ira
809 733 959 804 Deorum
973 748 1033 829 est.
1151 767 1200 806 100

133 839 166 909 Si
172 854 301 922 ,curant
314 839 417 935 igitur
430 856 570 910 cunctos
585 839 707 934 punire
720 857 899 928 nocentes,

133 949 277 1040 Quando
291 951 333 1020 ad
347 977 401 1023 me
417 951 578 1024 venient?
592 951 650 1022 sed
666 965 699 1022 et
712 951 878 1023 exorabile
891 979 1019 1026 numen

133 1063 286 1130 Fortasse
300 1063 471 1156 experiar3
483 1061 570 1133 solet
581 1063 633 1132 his
649 1064 846 1156 ignoscere:
864 1061 962 1135 multi

134 1171 358 1243 Committunt
372 1173 486 1244 eadem
500 1173 630 1244 diverso
645 1173 788 1243 crimina
803 1171 893 1262 fato;

134 1279 194 1350 llle
210 1307 347 1352 crucem
363 1281 492 1354 sceleris
509 1283 657 1378 pretium
671 1281 763 1368 tulit,
781 1284 838 1354 hic
851 1283 1012 1356 diadema.
1027 1313 1046 1348 a
1154 1295 1203 1350 105

181 1393 235 1462 Sic
248 1393 400 1462 animum
414 1394 496 1466 dicte
510 1394 680 1490 trepidum
694 1391 876 1463 formidine
889 1391 997 1487 culpae

135 1501 345 1572 Confirmant
358 1528 366 1572 ι
385 1517 467 1574 tunc
482 1521 516 1574 te
530 1529 624 1574 sacra
641 1503 684 1574 ad
701 1502 841 1574 delubra
854 1519 1030 1574 vocantem

134 1613 311 1700 Procedit,
328 1613 459 1686 trahere
473 1614 576 1685 immo
590 1614 680 1685 ultro
694 1639 734 1684 ac
745 1639 864 1686 vexare
877 1630 1024 1710 paratus.

134 1724 221 1792 Nam
241 1749 348 1818 quum
364 1749 488 1820 magna
505 1723 599 1795 male
619 1738 769 1820 superest
788 1723 930 1794 andacia
948 1749 1072 1810 causae,

134 1831 288 1904 Creditur
303 1858 324 1902 a
339 1831 452 1904 multis
470 1833 615 1906 fiducia:
634 1837 776 1905 mimum
795 1835 864 1930 agit
879 1830 952 1922 ille,
1156 1863 1206 1900 uo

136 1940 261 2010 Urbani
276 1941 407 2036 qualem
421 1943 581 2040 fugitivus
594 1970 710 2016 scurra
724 1943 870 2016 Catulli:

134 2051 181 2118 Tu
198 2051 301 2120 miser
319 2051 499 2141 exclamas,
518 2068 557 2123 ut
569 2057 725 2126 Stentora
738 2055 875 2142 vincere
890 2053 1014 2148 possis,

133 2159 190 2230 Vel
204 2163 336 2256 potius,
356 2179 519 2258 quantum
535 2165 705 2236 Gradivus
717 2165 943 2235 Homericus:
960 2162 1100 2249 «mdis,

133 2270 275 2363 Jupiter,
291 2271 383 2361 haec3
399 2297 461 2344 nec
476 2271 569 2344 labra
583 2298 715 2361 moves,
733 2299 838 2368 quum
852 2274 986 2342 mittere
997 2295 1116 2344 vocem

137 2466 246 2525 licitur:
259 2489 344 2545 quam
361 2470 438 2526 enim
451 2468 606 2526 utilitatem
618 2465 706 2526 habet
718 2467 826 2543 pedum
837 2470 885 2525 illa
899 2468 1044 2540 velocitas,
1060 2480 1088 2525 et
1100 2486 1209 2526 corona

134 2558 165 2615 in
185 2561 388 2618 muminibus
410 2551 571 2637 olympicis
594 2559 679 2630 data,
699 2559 723 2616 si
743 2569 787 2618 est
805 2579 872 2617 eum
892 2559 966 2616 fame
986 2579 1019 2618 ac
1038 2570 1207 2636 paupertate

132 2649 304 2726 conjuncta?
318 2652 445 2723 Deinde,
459 2651 569 2709 umetai
585 2651 681 2727 gravis
696 2650 821 2710 deorum
835 2651 943 2723 ira‘sit,
958 2661 999 2708 est
1015 2652 1115 2709 eodem
1128 2663 1207 2711 certe

132 2741 169 2800 ad
179 2743 361 2819 puniendum
373 2744 463 2803 tarda:
480 2743 603 2814 Quod-si
613 2761 714 2800 omnes
727 2743 878 2819 improbos
893 2744 999 2802 merito
1007 2743 1122 2802 afficere
1133 2763 1207 2820 sup·

133 2837 217 2912 plinio
229 2836 428 2909 decreverint,
441 2837 630 2914 quandonam
638 2836 677 2893 ad
688 2855 735 2894 me
744 2836 775 2892 in
788 2845 871 2894 tauto
881 2855 1004 2895 numero
1016 2836 1207 2912 pervenient?

134 2929 295 3006 Quidqnod
304 2928 369 2986 fieri
382 2929 503 3005 poterit,
519 2939 552 2985 ut
563 2945 613 2986 eos
626 2929 779 3004 placabiles
790 2940 819 2988 et
835 2929 977 3005 propitios
988 2929 1125 3001 habeam3
1140 2947 1208 3005 per-

128 3021 199 3096 juris
214 3041 278 3080 non
294 3041 362 3080 raro
382 3021 552 3099 ignoscunt3
576 3019 702 3096 denique
722 3021 822 3078 eadem
840 3021 995 3078 admittunt
1016 3023 1123 3079 scelera
1141 3023 1208 3096 ple-

132 3113 229 3190 rique,
245 3124 354 3172 eventu
369 3132 402 3171 ac
412 3113 509 3190 pretio
524 3131 665 3189 perquam
677 3112 809 3185 diverso,
823 3133 897 3170 unus
912 3115 943 3170 in
955 3133 1070 3172 crucem
1082 3115 1207 3184 tollitur,

135 3207 202 3266 alter
216 3207 249 3263 in
264 3207 371 3264 solium
385 3206 550 3264 evehitur.»

172 3301 235 3357 106.
258 3298 312 3356 ltu
324 3295 485 3356 rationibus
497 3309 625 3357 mentem
635 3299 811 3357 conscientia
822 3299 937 3358 sceleris
946 3300 1060 3358 anxiam
1071 3299 1206 3376 perjurus

132 3392 228 3470 erigit,
240 3411 275 3450 ac
292 3392 410 3450 discutit
429 3403 554 3450 metum:
567 3393 607 3448 ita
624 3390 826 3462 confirmatus,
852 3391 906 3449 tibi
926 3392 964 3449 ad
983 3395 1135 3468 templum,
1155 3390 1208 3448 ubi

131 3465 226 3558 furere
242 3485 325 3542 illurn
340 3501 441 3562 cogar,
457 3485 538 3542 eunti
551 3483 666 3559 preibit
683 3495 801 3560 sponte,
816 3485 905 3542 immo
922 3495 951 3542 te
965 3486 1022 3542 huc
1037 3485 1209 3560 pertrahere

134 3597 192 3635 non
207 3577 393 3636 cunctabitur
405 3589 435 3636 et
447 3595 553 3654 urgere
565 3598 572 3635 :
585 3596 675 3652 quum
688 3577 765 3634 enim
779 3577 898 3652 aliquis,
911 3577 985 3632 male
995 3575 1051 3632 sibi
1065 3573 1206 3644 conscius,

137 3688 193 3746 pre
202 3691 232 3730 se
243 3671 302 3729 lert
313 3669 460 3728 tanaim
475 3670 632 3747 insignem,
646 3681 765 3744 putatur
778 3687 793 3726 a
805 3668 902 3728 multis
912 3685 973 3726 esee
986 3676 1107 3742 propter
1122 3667 1209 3722 hao-

137 3765 256 3824 ceulim
270 3761 422 3824 conlidens
434 3782 467 3820 rc
481 3781 607 3821 secum.
630 3763 683 3820 llle
698 3760 827 3837 per-lidus
839 3779 872 3816 ac
885 3759 1039 3836 sacrilegus
1050 3757 1140 3816 instar
1151 3757 1210 3814 hie-

136 3855 236 3916 triouis
251 3861 406 3935 personam
423 3855 519 3915 lictum
535 3855 667 3926 sneunet,
685 3855 798 3930 qualem
813 3871 915 3910 servus
928 3851 990 3929 agit
1003 3849 1165 3910 scurnliter
1177 3849 1210 3906 in

136 3951 258 4026 quadarn
274 3949 382 4010 Catulli
394 3959 487 4026 poetae
496 3948 603 4008 urbani
617 3946 757 4008 mmoenu
768 3968 775 4004 ι
788 3957 821 4004 tu
829 3943 946 4003 iuterim
960 3943 1060 4002 infelix
1069 3941 1207 4011 validius,

138 4061 219 4117 qum
230 4045 353 4104 Stentor
365 4043 411 4103 vel
425 4043 486 4120 ipse
497 4045 575 4101 Mars
588 4041 666 4119 apud
680 4041 857 4112 Homerum,
878 4038 1062 4108 vociferaris,
1076 4047 1106 4096 et
1116 4037 1148 4094 iu
1158 4035 1213 4093 has

137 4139 260 4218 erumpis
274 4137 405 4217 querelas
418 4160 427 4198 z
443 4140 495 4198 «Ο
508 4148 604 4198 suane
617 4134 740 4216 Jupiter,
758 4132 843 4194 audis
854 4133 932 4192 huuc
944 4132 1115 4209 sacrilegum
1129 4127 1209 4205 P‘t‘*
