3042 4984
365 385 430 460 rina
641 381 681 445 D.
711 381 849 448 JUNlI
877 383 1157 448 IUVENALIS

367 495 521 581 Calceus,
535 511 569 564 et
584 497 726 590 grandes
747 523 866 593 magna
884 500 925 568 ad
942 500 1097 570 subsellia
1112 526 1216 585 surae,

366 607 514 700 Legibus
527 606 671 698 antiquis
685 623 872 677 castrorum
890 625 924 678 et
940 635 1034 678 more
1048 609 1180 680 Camilli
1393 621 1417 670 15

366 717 523 800 Servato,
541 715 693 786 milesne
710 716 832 788 vallum
852 717 959 812 litiget
973 733 1081 800 extra,

366 827 410 894 Et
428 824 546 920 procul
564 853 583 895 a
601 827 722 922 signis;
739 829 923 921 justissima
938 829 1187 898 Centurionum

367 937 526 1030 Cognitio
542 951 592 1006 est
609 939 713 1032 igitur
729 939 771 1007 de
789 937 913 1026 milite,
931 965 992 1008 nec
1008 937 1091 1007 mihi
1111 937 1216 1006 deerit

367 1044 478 1130 Ultio,
498 1047 524 1115 si
535 1047 632 1140 justae
648 1047 801 1118 defertur
817 1074 929 1118 caussa
943 1049 1102 1143 querelae.

367 1158 453 1227 Tota
467 1160 588 1229 cohors
603 1174 714 1228 tamen
731 1175 780 1229 est
794 1162 946 1246 inimica3
963 1183 1147 1254 omnesque
1158 1154 1299 1250 manipli
1392 1188 1418 1222 ιο

369 1271 541 1338 Consensu
555 1295 677 1366 magno
690 1269 856 1355 efficiunt,
874 1270 1031 1340 curabilis
1045 1283 1083 1338 ut
1097 1270 1139 1337 sit

367 1380 527 1450 'Vindicta
546 1395 580 1450 et
594 1383 739 1477 gravior,
757 1405 855 1476 quam
875 1379 1025 1473 injuria:
1045 1379 1187 1474 dignum
1205 1379 1269 1448 erit
1284 1402 1360 1472 ergo

367 1489 611 1560 Declamatoris
626 1491 754 1560 mulino
767 1491 868 1560 corde
881 1487 1022 1585 Vagelll.

369 1599 484 1686 Quum
502 1600 570 1668 duo
586 1615 686 1669 crura
698 1601 835 1686 habeas,
850 1599 1028 1672 offendere
1045 1615 1095 1670 tot
1109 1599 1246 1695 caligas,
1263 1613 1315 1668 tot

369 1706 477 1777 Miltia
492 1706 687 1780 clavorum!
708 1712 782 1805 quis
798 1725 869 1779 tam
886 1710 1005 1805 procul
1024 1711 1109 1779 absit
1124 1711 1166 1778 ab
1185 1707 1303 1778 Urbe?
1395 1721 1420 1775 at

370 1820 535 1889 Praeterea
551 1823 625 1914 quis
645 1837 713 1890 tarn
730 1821 884 1915 Pylades,
901 1821 1026 1891 molem
1043 1821 1173 1916 aggeris
1189 1819 1278 1888 ultra

368 1926 419 1997 Ut
433 1929 564 1998 veniat?
577 1929 730 2023 lacrymae
747 1932 913 2002 siccentur
929 1947 1109 2026 protenus,
1123 1945 1156 1999 et
1172 1954 1206 1999 se

370 2099 411 2158 nil
420 2101 482 2178 opis
492 2101 646 2176 saluasque
653 2102 813 2178 promittat.
823 2103 911 2174 Quod
921 2103 944 2160 si
956 2101 1127 2160 tameuciris
1134 2099 1253 2156 militem
1263 2097 1425 2172 injusuoret

370 2191 409 2250 ad
422 2212 518 2268 poenas
536 2195 724 2268 expetendas,
739 2207 881 2255 statuetur
896 2195 1101 2254 controversiae
1114 2193 1205 2269 judex
1219 2193 1352 2253 tribunus
1364 2191 1425 2248 mili

371 2297 450 2360 tum,
464 2287 598 2345 Bardaica
613 2285 730 2346 indutus
744 2300 822 2346 veste
837 2309 901 2347 cum
918 2288 977 2346 suis
990 2287 1148 2364 grandibus
1159 2286 1275 2356 calceis,
1290 2297 1317 2341 et
1331 2283 1425 2361 maguis

370 2379 534 2456 torosisque
543 2385 686 2454 cruribus,
699 2401 731 2442 ac
742 2391 824 2437 vasto
835 2399 959 2454 corpore
968 2378 1102 2435 subsellia
1114 2387 1172 2435 tota
1186 2378 1325 2452 implens:
1339 2394 1427 2449 nempe

370 2484 404 2528 ut
419 2486 571 2532 serventur
588 2477 688 2552 priscae
703 2475 793 2552 leges,
814 2483 845 2531 et
864 2472 976 2530 Camilli
996 2470 1210 2548 praescriptum,
1232 2491 1292 2546 quo
1307 2482 1428 2528 vetantur

371 2565 475 2635 milites
484 2578 564 2624 extra
573 2570 679 2626 vallum
691 2578 720 2624 et
729 2566 971 2644 proculavexillis
983 2585 1108 2624 caussam
1119 2566 1223 2624 dicere.
1236 2565 1428 2640 AEquissimuu

372 2668 430 2729 est,
445 2657 554 2732 inquis,
572 2670 606 2716 ut
619 2660 656 2720 de
669 2660 768 2716 militis
781 2679 878 2720 caussa
896 2669 1071 2736 cognoscant
1087 2659 1285 2726 centuriones,
1310 2657 1429 2732 quisunt

371 2748 447 2807 illius
458 2751 585 2826 germani
592 2751 713 2826 judices,
724 2771 848 2828 quorum
858 2765 902 2810 est
910 2761 1036 2828 spectata
1048 2751 1177 2826 probitas
1189 2762 1219 2806 et
1224 2751 1345 2825 justitia;
1355 2761 1429 2824 atque

370 2841 444 2899 adeo
460 2839 524 2898 fieri
543 2862 604 2899 non
622 2854 730 2918 potest,
752 2844 823 2919 quin
839 2863 937 2920 poeuas
958 2844 1031 2900 mihi
1050 2844 1100 2900 det
1118 2843 1214 2914 miles,
1233 2844 1258 2898 si
1274 2843 1365 2916 justas
1382 2859 1430 2899 etse

371 2955 448 2994 meas
465 2940 595 3012 querelas
613 2939 785 3008 ostender03
805 2949 865 2995 esto
883 2958 968 3008 sane;
990 2948 1020 2992 at
1036 2937 1140 2994 cohors
1159 2945 1253 2992 tamen
1273 2935 1385 3012 integra
1397 2945 1430 2990 est

370 3029 488 3101 infesta,
499 3041 527 3088 et
538 3049 638 3089 omnes
649 3031 788 3106 manipuli
800 3051 857 3090 uua
868 3051 941 3092 voco
952 3031 1150 3101 adversantur,
1161 3041 1248 3106 atque
1259 3029 1429 3104 obstrepunt.

373 3121 451 3192 Quid
463 3121 552 3196 igitur
565 3121 722 3198 proficietis
736 3135 767 3181 tu
781 3142 813 3180 ec
827 3125 918 3201 togati
931 3125 1106 3200 quicumque
1118 3123 1238 3180 militem
1249 3121 1430 3180 accusabunt?

373 3211 502 3269 efficietis
511 3215 567 3284 hoc
578 3214 678 3289 utique
688 3233 798 3286 unum,
816 3226 850 3271 ut
863 3216 933 3274 dum
948 3215 1099 3273 vindicare
1108 3216 1197 3272 vultis
1208 3215 1360 3290 injuriam,
1373 3233 1430 3290 gra·

372 3305 455 3362 viora
465 3306 549 3362 vobis
563 3309 707 3364 arcessatis
721 3309 808 3378 mala,
830 3329 914 3384 quem
931 3309 991 3386 ipsa
1008 3309 1103 3366 fuerat
1119 3309 1239 3382 injuria,
1253 3327 1311 3383 pro
1325 3327 1379 3383 qun
1391 3308 1431 3380 ja-

372 3399 464 3457 dicem
475 3399 686 3475 interpellastis.
699 3403 801 3476 ltaque
812 3413 869 3458 tam
880 3402 985 3460 stolide
993 3401 1072 3471 lacis,
1080 3402 1105 3458 si
1114 3400 1236 3458 militem
1247 3419 1334 3457 vocas
1342 3401 1372 3456 in
1380 3399 1430 3473 jus,

372 3511 458 3569 quam
464 3492 609 3570 Vagellius
620 3493 670 3551 ille
678 3493 855 3551 declamator
866 3496 977 3552 mulino
989 3495 1078 3552 corde
1087 3495 1234 3572 ponium,
1246 3495 1298 3570 qui
1306 3494 1431 3588 pessimum

371 3605 484 3661 semper
497 3605 607 3644 caussas
625 3587 744 3662 suscipit
757 3587 960 3645 defendendas.
977 3589 1070 3658 Quam
1087 3599 1130 3645 est
1145 3587 1223 3644 enirn
1236 3587 1429 3652 temerarium,

373 3697 463 3754 quum
479 3680 539 3735 duo
559 3679 614 3735 tibi
635 3691 747 3736 tanturn
765 3678 824 3736 sint
843 3699 943 3750 crura,
966 3699 1056 3756 eaque
1069 3681 1188 3738 minime
1202 3681 1296 3738 ocreis
1315 3680 1429 3746 munita,

372 3771 521 3829 offendere
532 3783 576 3830 tot
590 3773 790 3840 centuriones,
803 3785 847 3831 tot
858 3773 977 3844 milites,
992 3793 1118 3848 quorum
1131 3773 1229 3850 caligae
1239 3773 1342 3831 ferreis
1354 3769 1428 3830 uaris

373 3864 500 3920 omuiex
513 3876 595 3941 parte
608 3876 676 3924 sunt
688 3865 832 3942 praefixa?
850 3870 912 3944 Age
925 3885 1013 3938 vero,
1028 3884 1113 3942 quem
1130 3866 1255 3942 reperias
1267 3877 1324 3922 tam
1338 3863 1428 3941 procul

372 3957 498 4011 alioma-
513 3958 556 4014 tui
572 3957 746 4018 defendendi
760 3978 854 4017 caussa
870 3959 951 4016 abire
967 3955 1171 4029 sustinentem,
1190 3975 1277 4034 quem
1294 3958 1365 4014 adeo
1384 3953 1428 4010 tibi

325 4079 326 4082 ¹
372 4047 512 4119 amicum,
527 4060 586 4108 lam
600 4052 696 4126 prisco
710 4051 753 4108 illi
768 4051 868 4129 Pyladi
881 4051 1021 4120 similem,
1041 4061 1074 4107 ut
1088 4049 1195 4106 vallum
1211 4051 1345 4118 transire,
1364 4058 1391 4104 el
1403 4045 1428 4100 in
1456 4085 1458 4088 -

371 4150 461 4197 castra
472 4141 566 4199 media
578 4153 672 4208 tecum
686 4145 840 4222 progredi,
851 4145 888 4203 ad
901 4145 1056 4206 denudum
1069 4155 1169 4203 ronna
1178 4144 1299 4202 militem
1311 4139 1427 4200 testimo·
