<?xml version="1.0" encoding="UTF-8"?>
<!DOCTYPE html PUBLIC "-//W3C//DTD XHTML 1.0 Transitional//EN"
    "http://www.w3.org/TR/xhtml1/DTD/xhtml1-transitional.dtd">
<html xmlns="http://www.w3.org/1999/xhtml" xml:lang="en" lang="en">
 <head>
  <title>
</title>
<meta http-equiv="Content-Type" content="text/html;charset=utf-8" />
  <meta name='ocr-system' content='tesseract 3.04.00' />
  <meta name='ocr-capabilities' content='ocr_page ocr_carea ocr_par ocr_line ocrx_word'/>
</head>
<body>
  <div class='ocr_page' id='page_1' title='image "./sexdecimsatir02lemagoog_0324.png"; bbox 0 0 2992 4984; ppageno 0'>
   <div class='ocr_carea' id='block_1_1' title="bbox 321 431 1171 516">
    <p class='ocr_par' dir='ltr' id='par_1_1' title="bbox 321 431 1171 516">
     <span class='ocr_line' id='line_1_1' title="bbox 321 431 1171 516; baseline -0.001 -20"><span class='ocrx_word' id='word_1_1' title='bbox 321 431 503 496; x_wconf 83' lang='lat' dir='ltr'><strong>SATIRA</strong></span> <span class='ocrx_word' id='word_1_2' title='bbox 525 431 722 496; x_wconf 84' lang='lat' dir='ltr'>DECIMA</span> <span class='ocrx_word' id='word_1_3' title='bbox 744 433 956 516; x_wconf 81' lang='lat' dir='ltr'><strong>QUARTA.</strong></span> <span class='ocrx_word' id='word_1_4' title='bbox 1109 431 1171 498; x_wconf 79' lang='lat'><strong>315</strong></span> 
     </span>
    </p>
   </div>
   <div class='ocr_carea' id='block_1_2' title="bbox 107 545 1176 1194">
    <p class='ocr_par' dir='ltr' id='par_1_2' title="bbox 109 545 1043 754">
     <span class='ocr_line' id='line_1_2' title="bbox 110 545 1043 643; baseline 0.004 -31"><span class='ocrx_word' id='word_1_5' title='bbox 110 545 178 614; x_wconf 88' lang='lat' dir='ltr'><strong>Nee</strong></span> <span class='ocrx_word' id='word_1_6' title='bbox 192 546 252 616; x_wconf 93' lang='lat' dir='ltr'><strong>tibi</strong></span> <span class='ocrx_word' id='word_1_7' title='bbox 265 561 424 641; x_wconf 78' lang='lat' dir='ltr'>parcetur</span> <span class='ocrx_word' id='word_1_8' title='bbox 437 549 577 634; x_wconf 86' lang='lat' dir='ltr'><strong>misero,</strong></span> <span class='ocrx_word' id='word_1_9' title='bbox 599 546 834 642; x_wconf 89' lang='lat' dir='ltr'><strong>trepidumque</strong></span> <span class='ocrx_word' id='word_1_10' title='bbox 847 547 1043 643; x_wconf 90' lang='lat' dir='ltr'><strong>magistrum</strong></span> 
     </span>
     <span class='ocr_line' id='line_1_3' title="bbox 109 655 907 754; baseline 0.006 -33"><span class='ocrx_word' id='word_1_11' title='bbox 109 655 145 720; x_wconf 94' lang='lat' dir='ltr'><strong>In</strong></span> <span class='ocrx_word' id='word_1_12' title='bbox 162 680 263 724; x_wconf 89' lang='lat' dir='ltr'><strong>cavea</strong></span> <span class='ocrx_word' id='word_1_13' title='bbox 279 681 402 754; x_wconf 88' lang='lat' dir='ltr'><strong>magno</strong></span> <span class='ocrx_word' id='word_1_14' title='bbox 416 657 554 726; x_wconf 93' lang='lat' dir='ltr'><strong>sremitu</strong></span> <span class='ocrx_word' id='word_1_15' title='bbox 569 655 619 726; x_wconf 92' lang='lat' dir='ltr'><strong>leo</strong></span> <span class='ocrx_word' id='word_1_16' title='bbox 636 656 730 726; x_wconf 91' lang='lat' dir='ltr'><strong>tollet</strong></span> <span class='ocrx_word' id='word_1_17' title='bbox 742 655 907 727; x_wconf 91' lang='lat' dir='ltr'><strong>alumnus.</strong></span> 
     </span>
    </p>

    <p class='ocr_par' dir='ltr' id='par_1_3' title="bbox 107 765 1176 1194">
     <span class='ocr_line' id='line_1_4' title="bbox 153 765 1084 863; baseline 0.005 -32"><span class='ocrx_word' id='word_1_18' title='bbox 153 765 243 832; x_wconf 86' lang='lat' dir='ltr'><strong>Nota</strong></span> <span class='ocrx_word' id='word_1_19' title='bbox 262 767 509 837; x_wconf 82' lang='lat' dir='ltr'><strong>mathematicis</strong></span> <span class='ocrx_word' id='word_1_20' title='bbox 529 767 659 862; x_wconf 80' lang='lat' dir='ltr'>genesis</span> <span class='ocrx_word' id='word_1_21' title='bbox 675 781 733 836; x_wconf 91' lang='lat' dir='ltr'><strong>tua</strong></span> <span class='ocrx_word' id='word_1_22' title='bbox 751 795 759 836; x_wconf 91' lang='lat'><strong>:</strong></span> <span class='ocrx_word' id='word_1_23' title='bbox 777 768 836 837; x_wconf 85' lang='lat' dir='ltr'><strong>sed</strong></span> <span class='ocrx_word' id='word_1_24' title='bbox 856 790 958 863; x_wconf 89' lang='lat' dir='ltr'><strong>grave</strong></span> <span class='ocrx_word' id='word_1_25' title='bbox 974 767 1084 836; x_wconf 88' lang='lat' dir='ltr'><strong>tardas</strong></span> 
     </span>
     <span class='ocr_line' id='line_1_5' title="bbox 108 875 978 968; baseline 0.011 -28"><span class='ocrx_word' id='word_1_26' title='bbox 108 875 308 968; x_wconf 84' lang='lat' dir='ltr'><strong>Exspectare</strong></span> <span class='ocrx_word' id='word_1_27' title='bbox 325 875 439 947; x_wconf 87' lang='lat' dir='ltr'><strong>eolus:</strong></span> <span class='ocrx_word' id='word_1_28' title='bbox 457 878 610 948; x_wconf 89' lang='lat' dir='ltr'><strong>morieris</strong></span> <span class='ocrx_word' id='word_1_29' title='bbox 625 879 767 948; x_wconf 90' lang='lat' dir='ltr'><strong>stamine</strong></span> <span class='ocrx_word' id='word_1_30' title='bbox 780 877 934 952; x_wconf 90' lang='lat' dir='ltr'><strong>nondum</strong></span> <span class='ocrx_word' id='word_1_31' title='bbox 974 941 978 950; x_wconf 87' lang='grc'><em>,</em></span> 
     </span>
     <span class='ocr_line' id='line_1_6' title="bbox 107 983 1176 1081; baseline 0.003 -30"><span class='ocrx_word' id='word_1_32' title='bbox 107 983 260 1078; x_wconf 80' lang='lat' dir='ltr'><strong>Abrupta</strong></span> <span class='ocrx_word' id='word_1_33' title='bbox 275 1011 284 1055; x_wconf 75' lang='grc' dir='ltr'><strong><em>ε</em></strong></span> <span class='ocrx_word' id='word_1_34' title='bbox 296 989 367 1081; x_wconf 87' lang='lat' dir='ltr'><strong>jam</strong></span> <span class='ocrx_word' id='word_1_35' title='bbox 379 1011 473 1058; x_wconf 91' lang='lat' dir='ltr'><strong>nunc</strong></span> <span class='ocrx_word' id='word_1_36' title='bbox 486 989 596 1058; x_wconf 84' lang='lat' dir='ltr'><strong>obstas</strong></span> <span class='ocrx_word' id='word_1_37' title='bbox 609 1004 643 1059; x_wconf 91' lang='lat' dir='ltr'><strong>et</strong></span> <span class='ocrx_word' id='word_1_38' title='bbox 656 1004 735 1058; x_wconf 88' lang='lat' dir='ltr'><strong>vota</strong></span> <span class='ocrx_word' id='word_1_39' title='bbox 748 989 912 1058; x_wconf 87' lang='lat' dir='ltr'><strong>moraris:</strong></span> <span class='ocrx_word' id='word_1_40' title='bbox 1126 1002 1176 1057; x_wconf 77' lang='lat'><strong>²50</strong></span> 
     </span>
     <span class='ocr_line' id='line_1_7' title="bbox 107 1096 1007 1194; baseline 0.008 -33"><span class='ocrx_word' id='word_1_41' title='bbox 107 1096 175 1162; x_wconf 85' lang='lat' dir='ltr'><strong>Jam</strong></span> <span class='ocrx_word' id='word_1_42' title='bbox 194 1109 332 1192; x_wconf 86' lang='lat' dir='ltr'><strong>torquet</strong></span> <span class='ocrx_word' id='word_1_43' title='bbox 347 1099 508 1194; x_wconf 89' lang='lat' dir='ltr'><strong>juvenem</strong></span> <span class='ocrx_word' id='word_1_44' title='bbox 527 1098 630 1194; x_wconf 88' lang='lat' dir='ltr'><strong>longa</strong></span> <span class='ocrx_word' id='word_1_45' title='bbox 646 1114 679 1168; x_wconf 92' lang='lat' dir='ltr'><strong>et</strong></span> <span class='ocrx_word' id='word_1_46' title='bbox 695 1099 830 1169; x_wconf 90' lang='lat' dir='ltr'><strong>cervina</strong></span> <span class='ocrx_word' id='word_1_47' title='bbox 845 1113 1007 1169; x_wconf 89' lang='lat' dir='ltr'><strong>senectus.</strong></span> 
     </span>
    </p>
   </div>
   <div class='ocr_carea' id='block_1_3' title="bbox 105 1205 1181 2292">
    <p class='ocr_par' dir='ltr' id='par_1_4' title="bbox 107 1205 1156 1305">
     <span class='ocr_line' id='line_1_8' title="bbox 107 1205 1156 1305; baseline 0.002 -32"><span class='ocrx_word' id='word_1_48' title='bbox 107 1205 207 1276; x_wconf 90' lang='lat' dir='ltr'><strong>Ocius</strong></span> <span class='ocrx_word' id='word_1_49' title='bbox 223 1209 444 1305; x_wconf 81' lang='lat' dir='ltr'><strong>Archigenen</strong></span> <span class='ocrx_word' id='word_1_50' title='bbox 458 1234 591 1304; x_wconf 82' lang='lat' dir='ltr'><strong>quaere3</strong></span> <span class='ocrx_word' id='word_1_51' title='bbox 609 1226 709 1305; x_wconf 88' lang='lat' dir='ltr'><strong>atque</strong></span> <span class='ocrx_word' id='word_1_52' title='bbox 726 1233 820 1297; x_wconf 90' lang='lat' dir='ltr'><strong>eme,</strong></span> <span class='ocrx_word' id='word_1_53' title='bbox 836 1208 929 1303; x_wconf 93' lang='lat' dir='ltr'><strong>quod</strong></span> <span class='ocrx_word' id='word_1_54' title='bbox 943 1207 1156 1278; x_wconf 75' lang='lat' dir='ltr'><strong>Mithridates</strong></span> 
     </span>
    </p>

    <p class='ocr_par' dir='ltr' id='par_1_5' title="bbox 106 1319 868 1416">
     <span class='ocr_line' id='line_1_9' title="bbox 106 1319 868 1416; baseline 0.001 -30"><span class='ocrx_word' id='word_1_55' title='bbox 106 1319 322 1410; x_wconf 87' lang='lat' dir='ltr'><strong>Composuit,</strong></span> <span class='ocrx_word' id='word_1_56' title='bbox 337 1320 364 1388; x_wconf 95' lang='lat' dir='ltr'><strong>si</strong></span> <span class='ocrx_word' id='word_1_57' title='bbox 377 1322 427 1390; x_wconf 83' lang='lat' dir='ltr'><strong>vis</strong></span> <span class='ocrx_word' id='word_1_58' title='bbox 440 1319 540 1390; x_wconf 89' lang='lat' dir='ltr'><strong>aliam</strong></span> <span class='ocrx_word' id='word_1_59' title='bbox 556 1321 736 1416; x_wconf 83' lang='lat' dir='ltr'><strong>decerpere</strong></span> <span class='ocrx_word' id='word_1_60' title='bbox 748 1319 868 1404; x_wconf 88' lang='lat' dir='ltr'><strong>ficum,</strong></span> 
     </span>
    </p>

    <p class='ocr_par' dir='ltr' id='par_1_6' title="bbox 105 1425 1110 1519">
     <span class='ocr_line' id='line_1_10' title="bbox 105 1425 1110 1519; baseline 0.001 -25"><span class='ocrx_word' id='word_1_61' title='bbox 105 1427 210 1519; x_wconf 77' lang='lat' dir='ltr'><strong>Atque</strong></span> <span class='ocrx_word' id='word_1_62' title='bbox 224 1425 307 1497; x_wconf 89' lang='lat' dir='ltr'><strong>alias</strong></span> <span class='ocrx_word' id='word_1_63' title='bbox 320 1444 465 1500; x_wconf 88' lang='lat' dir='ltr'><strong>tractare</strong></span> <span class='ocrx_word' id='word_1_64' title='bbox 479 1455 570 1500; x_wconf 91' lang='lat' dir='ltr'><strong>rosas</strong></span> <span class='ocrx_word' id='word_1_65' title='bbox 585 1457 593 1497; x_wconf 75' lang='grc' dir='ltr'><strong>ι</strong></span> <span class='ocrx_word' id='word_1_66' title='bbox 610 1431 818 1500; x_wconf 73' lang='lat' dir='ltr'><strong>medicamen</strong></span> <span class='ocrx_word' id='word_1_67' title='bbox 834 1426 1028 1497; x_wconf 89' lang='lat' dir='ltr'><strong>habendum</strong></span> <span class='ocrx_word' id='word_1_68' title='bbox 1044 1441 1110 1512; x_wconf 93' lang='lat' dir='ltr'><strong>est,</strong></span> 
     </span>
    </p>

    <p class='ocr_par' dir='ltr' id='par_1_7' title="bbox 105 1537 1179 1743">
     <span class='ocr_line' id='line_1_11' title="bbox 105 1537 1179 1633; baseline -0.001 -29"><span class='ocrx_word' id='word_1_69' title='bbox 105 1537 248 1605; x_wconf 90' lang='lat' dir='ltr'><strong>Sorbere</strong></span> <span class='ocrx_word' id='word_1_70' title='bbox 261 1553 338 1607; x_wconf 89' lang='lat' dir='ltr'><strong>ante</strong></span> <span class='ocrx_word' id='word_1_71' title='bbox 352 1539 465 1608; x_wconf 89' lang='lat' dir='ltr'><strong>cibum</strong></span> <span class='ocrx_word' id='word_1_72' title='bbox 479 1539 570 1633; x_wconf 89' lang='lat' dir='ltr'><strong>quod</strong></span> <span class='ocrx_word' id='word_1_73' title='bbox 584 1537 703 1607; x_wconf 88' lang='lat' dir='ltr'><strong>debeat</strong></span> <span class='ocrx_word' id='word_1_74' title='bbox 717 1553 751 1606; x_wconf 90' lang='lat' dir='ltr'><strong>et</strong></span> <span class='ocrx_word' id='word_1_75' title='bbox 761 1549 856 1632; x_wconf 89' lang='lat' dir='ltr'><strong>pater</strong></span> <span class='ocrx_word' id='word_1_76' title='bbox 868 1550 902 1605; x_wconf 92' lang='lat' dir='ltr'><strong>et</strong></span> <span class='ocrx_word' id='word_1_77' title='bbox 916 1559 982 1604; x_wconf 85' lang='lat' dir='ltr'><strong>rex.</strong></span> <span class='ocrx_word' id='word_1_78' title='bbox 1128 1549 1179 1604; x_wconf 79' lang='lat'><strong>255</strong></span> 
     </span>
     <span class='ocr_line' id='line_1_12' title="bbox 150 1645 1093 1743; baseline -0.001 -29"><span class='ocrx_word' id='word_1_79' title='bbox 150 1649 310 1717; x_wconf 90' lang='lat' dir='ltr'><strong>Monstro</strong></span> <span class='ocrx_word' id='word_1_80' title='bbox 325 1646 533 1743; x_wconf 85' lang='lat' dir='ltr'><strong>voluptatem</strong></span> <span class='ocrx_word' id='word_1_81' title='bbox 553 1648 742 1742; x_wconf 86' lang='lat' dir='ltr'><strong>egregiam,</strong></span> <span class='ocrx_word' id='word_1_82' title='bbox 763 1647 817 1716; x_wconf 91' lang='lat' dir='ltr'><strong>cui</strong></span> <span class='ocrx_word' id='word_1_83' title='bbox 833 1645 926 1716; x_wconf 91' lang='lat' dir='ltr'><strong>nulla</strong></span> <span class='ocrx_word' id='word_1_84' title='bbox 942 1646 1093 1732; x_wconf 88' lang='lat' dir='ltr'><strong>theatra,</strong></span> 
     </span>
    </p>

    <p class='ocr_par' dir='ltr' id='par_1_8' title="bbox 105 1754 905 1851">
     <span class='ocr_line' id='line_1_13' title="bbox 105 1754 905 1851; baseline 0 -27"><span class='ocrx_word' id='word_1_85' title='bbox 105 1754 202 1824; x_wconf 89' lang='lat' dir='ltr'><strong>Nulla</strong></span> <span class='ocrx_word' id='word_1_86' title='bbox 217 1781 353 1851; x_wconf 79' lang='lat' dir='ltr'><strong>aequare</strong></span> <span class='ocrx_word' id='word_1_87' title='bbox 369 1781 472 1851; x_wconf 87' lang='lat' dir='ltr'><strong>queas</strong></span> <span class='ocrx_word' id='word_1_88' title='bbox 486 1759 644 1826; x_wconf 64' lang='lat' dir='ltr'><strong>Praetoris</strong></span> <span class='ocrx_word' id='word_1_89' title='bbox 658 1756 789 1851; x_wconf 89' lang='lat' dir='ltr'><strong>pulpita</strong></span> <span class='ocrx_word' id='word_1_90' title='bbox 805 1755 905 1843; x_wconf 87' lang='lat' dir='ltr'><strong>lauti,</strong></span> 
     </span>
    </p>

    <p class='ocr_par' dir='ltr' id='par_1_9' title="bbox 105 1865 979 1960">
     <span class='ocr_line' id='line_1_14' title="bbox 105 1865 979 1960; baseline 0.005 -29"><span class='ocrx_word' id='word_1_91' title='bbox 105 1865 137 1932; x_wconf 92' lang='lat' dir='ltr'><strong>Si</strong></span> <span class='ocrx_word' id='word_1_92' title='bbox 152 1881 304 1959; x_wconf 92' lang='lat' dir='ltr'><strong>spectes,</strong></span> <span class='ocrx_word' id='word_1_93' title='bbox 328 1881 456 1960; x_wconf 89' lang='lat' dir='ltr'><strong>quanto</strong></span> <span class='ocrx_word' id='word_1_94' title='bbox 475 1867 593 1960; x_wconf 91' lang='lat' dir='ltr'><strong>capitis</strong></span> <span class='ocrx_word' id='word_1_95' title='bbox 609 1867 803 1936; x_wconf 88' lang='lat' dir='ltr'><strong>discrimine</strong></span> <span class='ocrx_word' id='word_1_96' title='bbox 822 1879 979 1936; x_wconf 91' lang='lat' dir='ltr'><strong>constent</strong></span> 
     </span>
    </p>

    <p class='ocr_par' dir='ltr' id='par_1_10' title="bbox 107 1976 869 2063">
     <span class='ocr_line' id='line_1_15' title="bbox 107 1976 869 2063; baseline 0.005 -21"><span class='ocrx_word' id='word_1_97' title='bbox 107 1977 320 2046; x_wconf 87' lang='lat' dir='ltr'><strong>Incrementa</strong></span> <span class='ocrx_word' id='word_1_98' title='bbox 334 1976 469 2063; x_wconf 92' lang='lat' dir='ltr'><strong>domus,</strong></span> <span class='ocrx_word' id='word_1_99' title='bbox 484 1991 587 2046; x_wconf 73' lang='lat' dir='ltr'><strong>aerata</strong></span> <span class='ocrx_word' id='word_1_100' title='bbox 598 1976 724 2046; x_wconf 89' lang='lat' dir='ltr'><strong>multus</strong></span> <span class='ocrx_word' id='word_1_101' title='bbox 739 1978 775 2045; x_wconf 93' lang='lat' dir='ltr'><strong>in</strong></span> <span class='ocrx_word' id='word_1_102' title='bbox 790 2001 869 2047; x_wconf 89' lang='lat' dir='ltr'><strong>arca</strong></span> 
     </span>
    </p>

    <p class='ocr_par' dir='ltr' id='par_1_11' title="bbox 106 2085 1181 2182">
     <span class='ocr_line' id='line_1_16' title="bbox 106 2085 1181 2182; baseline -0.002 -29"><span class='ocrx_word' id='word_1_103' title='bbox 106 2085 235 2172; x_wconf 88' lang='lat' dir='ltr'><strong>Fiscus,</strong></span> <span class='ocrx_word' id='word_1_104' title='bbox 253 2102 287 2155; x_wconf 90' lang='lat' dir='ltr'><strong>et</strong></span> <span class='ocrx_word' id='word_1_105' title='bbox 304 2086 345 2155; x_wconf 90' lang='lat' dir='ltr'><strong>ad</strong></span> <span class='ocrx_word' id='word_1_106' title='bbox 361 2085 495 2182; x_wconf 88' lang='lat' dir='ltr'><strong>vigilem</strong></span> <span class='ocrx_word' id='word_1_107' title='bbox 512 2087 661 2182; x_wconf 89' lang='lat' dir='ltr'><strong>ponendi</strong></span> <span class='ocrx_word' id='word_1_108' title='bbox 678 2093 818 2160; x_wconf 83' lang='lat' dir='ltr'><strong>Castora</strong></span> <span class='ocrx_word' id='word_1_109' title='bbox 833 2089 946 2173; x_wconf 87' lang='lat' dir='ltr'><strong>numi,</strong></span> <span class='ocrx_word' id='word_1_110' title='bbox 1129 2103 1181 2154; x_wconf 73' lang='lat'><strong>260</strong></span> 
     </span>
    </p>

    <p class='ocr_par' dir='ltr' id='par_1_12' title="bbox 105 2195 1041 2292">
     <span class='ocr_line' id='line_1_17' title="bbox 105 2195 1041 2292; baseline 0.002 -28"><span class='ocrx_word' id='word_1_111' title='bbox 105 2197 150 2265; x_wconf 85' lang='lat' dir='ltr'><strong>Ex</strong></span> <span class='ocrx_word' id='word_1_112' title='bbox 164 2221 236 2290; x_wconf 91' lang='lat' dir='ltr'><strong>quo</strong></span> <span class='ocrx_word' id='word_1_113' title='bbox 248 2198 342 2266; x_wconf 91' lang='lat' dir='ltr'><strong>Mars</strong></span> <span class='ocrx_word' id='word_1_114' title='bbox 354 2195 455 2268; x_wconf 90' lang='lat' dir='ltr'><strong>Ultor</strong></span> <span class='ocrx_word' id='word_1_115' title='bbox 470 2197 596 2292; x_wconf 88' lang='lat' dir='ltr'><strong>galeam</strong></span> <span class='ocrx_word' id='word_1_116' title='bbox 612 2222 748 2292; x_wconf 88' lang='lat' dir='ltr'><strong>quoque</strong></span> <span class='ocrx_word' id='word_1_117' title='bbox 763 2197 928 2292; x_wconf 89' lang='lat' dir='ltr'><strong>perdidit,</strong></span> <span class='ocrx_word' id='word_1_118' title='bbox 940 2212 976 2266; x_wconf 91' lang='lat' dir='ltr'><strong>et</strong></span> <span class='ocrx_word' id='word_1_119' title='bbox 989 2223 1041 2267; x_wconf 91' lang='lat' dir='ltr'><strong>res</strong></span> 
     </span>
    </p>
   </div>
   <div class='ocr_carea' id='block_1_4' title="bbox 104 2444 1197 3893">
    <p class='ocr_par' dir='ltr' id='par_1_13' title="bbox 104 2444 1197 2803">
     <span class='ocr_line' id='line_1_18' title="bbox 104 2444 1182 2523; baseline 0.002 -23"><span class='ocrx_word' id='word_1_120' title='bbox 104 2445 178 2516; x_wconf 86' lang='lat' dir='ltr'><strong>lum,</strong></span> <span class='ocrx_word' id='word_1_121' title='bbox 191 2446 276 2520; x_wconf 78' lang='lat' dir='ltr'><strong>etrjm</strong></span> <span class='ocrx_word' id='word_1_122' title='bbox 286 2447 411 2522; x_wconf 87' lang='lat' dir='ltr'><strong>primam</strong></span> <span class='ocrx_word' id='word_1_123' title='bbox 420 2447 575 2504; x_wconf 87' lang='lat' dir='ltr'><strong>scintillam</strong></span> <span class='ocrx_word' id='word_1_124' title='bbox 585 2447 647 2523; x_wconf 89' lang='lat' dir='ltr'><strong>ipse</strong></span> <span class='ocrx_word' id='word_1_125' title='bbox 656 2446 823 2522; x_wconf 72' lang='lat' dir='ltr'><strong>prebuisti,</strong></span> <span class='ocrx_word' id='word_1_126' title='bbox 832 2444 961 2502; x_wconf 84' lang='lat' dir='ltr'><strong>dammas</strong></span> <span class='ocrx_word' id='word_1_127' title='bbox 974 2446 1032 2502; x_wconf 84' lang='lat' dir='ltr'><strong>late</strong></span> <span class='ocrx_word' id='word_1_128' title='bbox 1042 2461 1182 2521; x_wconf 81' lang='lat' dir='ltr'><strong>spargen-</strong></span> 
     </span>
     <span class='ocr_line' id='line_1_19' title="bbox 106 2537 1197 2621; baseline -0.002 -27"><span class='ocrx_word' id='word_1_129' title='bbox 106 2548 161 2594; x_wconf 88' lang='lat' dir='ltr'><strong>tem</strong></span> <span class='ocrx_word' id='word_1_130' title='bbox 170 2557 288 2621; x_wconf 79' lang='lat' dir='ltr'><strong>cerues,</strong></span> <span class='ocrx_word' id='word_1_131' title='bbox 304 2553 334 2597; x_wconf 86' lang='lat' dir='ltr'><strong>et</strong></span> <span class='ocrx_word' id='word_1_132' title='bbox 345 2551 448 2598; x_wconf 88' lang='lat' dir='ltr'><strong>cuncta</strong></span> <span class='ocrx_word' id='word_1_133' title='bbox 458 2539 595 2598; x_wconf 86' lang='lat' dir='ltr'><strong>incendio</strong></span> <span class='ocrx_word' id='word_1_134' title='bbox 608 2539 726 2616; x_wconf 82' lang='lat' dir='ltr'><strong>lugubri</strong></span> <span class='ocrx_word' id='word_1_135' title='bbox 737 2539 935 2597; x_wconf 84' lang='lat' dir='ltr'><strong>devastantem</strong></span> <span class='ocrx_word' id='word_1_136' title='bbox 947 2559 953 2594; x_wconf 93' lang='lat'><strong>:</strong></span> <span class='ocrx_word' id='word_1_137' title='bbox 964 2538 1038 2595; x_wconf 89' lang='lat' dir='ltr'><strong>adeo</strong></span> <span class='ocrx_word' id='word_1_138' title='bbox 1053 2557 1115 2594; x_wconf 87' lang='lat' dir='ltr'><strong>nou</strong></span> <span class='ocrx_word' id='word_1_139' title='bbox 1129 2537 1197 2593; x_wconf 78' lang='lat' dir='ltr'><strong>tibi&#39;</strong></span> 
     </span>
     <span class='ocr_line' id='line_1_20' title="bbox 104 2630 1184 2708; baseline 0.001 -22"><span class='ocrx_word' id='word_1_140' title='bbox 104 2643 204 2704; x_wconf 85' lang='lat' dir='ltr'><strong>parcet</strong></span> <span class='ocrx_word' id='word_1_141' title='bbox 224 2633 273 2690; x_wconf 87' lang='lat' dir='ltr'><strong>leo</strong></span> <span class='ocrx_word' id='word_1_142' title='bbox 294 2631 344 2690; x_wconf 90' lang='lat' dir='ltr'><strong>ille</strong></span> <span class='ocrx_word' id='word_1_143' title='bbox 364 2652 452 2708; x_wconf 87' lang='lat' dir='ltr'><strong>quem</strong></span> <span class='ocrx_word' id='word_1_144' title='bbox 473 2633 587 2706; x_wconf 87' lang='lat' dir='ltr'><strong>aluisti,</strong></span> <span class='ocrx_word' id='word_1_145' title='bbox 608 2645 641 2690; x_wconf 89' lang='lat' dir='ltr'><strong>ut</strong></span> <span class='ocrx_word' id='word_1_146' title='bbox 663 2643 766 2691; x_wconf 85' lang='lat' dir='ltr'><strong>eontra</strong></span> <span class='ocrx_word' id='word_1_147' title='bbox 782 2642 811 2690; x_wconf 90' lang='lat' dir='ltr'><strong>te</strong></span> <span class='ocrx_word' id='word_1_148' title='bbox 825 2633 962 2689; x_wconf 85' lang='lat' dir='ltr'><strong>miserum</strong></span> <span class='ocrx_word' id='word_1_149' title='bbox 978 2630 1184 2706; x_wconf 90' lang='lat' dir='ltr'><strong>trepidumque</strong></span> 
     </span>
     <span class='ocr_line' id='line_1_21' title="bbox 106 2723 1051 2803; baseline 0.003 -25"><span class='ocrx_word' id='word_1_150' title='bbox 106 2723 260 2780; x_wconf 87' lang='lat' dir='ltr'><strong>dominum</strong></span> <span class='ocrx_word' id='word_1_151' title='bbox 273 2724 306 2780; x_wconf 91' lang='lat' dir='ltr'><strong>in</strong></span> <span class='ocrx_word' id='word_1_152' title='bbox 322 2727 504 2802; x_wconf 85' lang='lat' dir='ltr'><strong>receptaculo</strong></span> <span class='ocrx_word' id='word_1_153' title='bbox 517 2747 570 2784; x_wconf 88' lang='lat' dir='ltr'><strong>suo</strong></span> <span class='ocrx_word' id='word_1_154' title='bbox 584 2745 690 2803; x_wconf 85' lang='lat' dir='ltr'><strong>magno</strong></span> <span class='ocrx_word' id='word_1_155' title='bbox 702 2745 768 2783; x_wconf 85' lang='lat' dir='ltr'><strong>eum</strong></span> <span class='ocrx_word' id='word_1_156' title='bbox 779 2725 898 2784; x_wconf 80' lang='lat' dir='ltr'><strong>fremitu</strong></span> <span class='ocrx_word' id='word_1_157' title='bbox 910 2726 1051 2782; x_wconf 83' lang='lat' dir='ltr'><strong>absumet.</strong></span> 
     </span>
    </p>

    <p class='ocr_par' dir='ltr' id='par_1_14' title="bbox 106 2817 1184 3893">
     <span class='ocr_line' id='line_1_22' title="bbox 141 2817 1183 2896; baseline -0.002 -24"><span class='ocrx_word' id='word_1_158' title='bbox 141 2819 212 2883; x_wconf 75' lang='lat' dir='ltr'><strong>aas.</strong></span> <span class='ocrx_word' id='word_1_159' title='bbox 234 2818 356 2876; x_wconf 87' lang='lat' dir='ltr'><strong>Norunt</strong></span> <span class='ocrx_word' id='word_1_160' title='bbox 370 2837 437 2876; x_wconf 86' lang='lat' dir='ltr'><strong>sane</strong></span> <span class='ocrx_word' id='word_1_161' title='bbox 453 2819 607 2896; x_wconf 84' lang='lat' dir='ltr'><strong>astrologi,</strong></span> <span class='ocrx_word' id='word_1_162' title='bbox 627 2819 753 2894; x_wconf 85' lang='lat' dir='ltr'><strong>quoted</strong></span> <span class='ocrx_word' id='word_1_163' title='bbox 766 2817 926 2876; x_wconf 74' lang='lat' dir='ltr'><strong>vivendum</strong></span> <span class='ocrx_word' id='word_1_164' title='bbox 941 2835 1033 2874; x_wconf 87' lang='lat' dir='ltr'><strong>annos</strong></span> <span class='ocrx_word' id='word_1_165' title='bbox 1047 2817 1121 2874; x_wconf 87' lang='lat' dir='ltr'><strong>hora</strong></span> <span class='ocrx_word' id='word_1_166' title='bbox 1135 2825 1183 2870; x_wconf 89' lang='lat' dir='ltr'><strong>tua</strong></span> 
     </span>
     <span class='ocr_line' id='line_1_23' title="bbox 106 2910 1184 2986; baseline 0.003 -25"><span class='ocrx_word' id='word_1_167' title='bbox 106 2911 203 2966; x_wconf 86' lang='lat' dir='ltr'><strong>natalis</strong></span> <span class='ocrx_word' id='word_1_168' title='bbox 221 2910 276 2965; x_wconf 92' lang='lat' dir='ltr'><strong>tibi</strong></span> <span class='ocrx_word' id='word_1_169' title='bbox 288 2910 493 2986; x_wconf 79' lang='lat' dir='ltr'><strong>adpromittat3</strong></span> <span class='ocrx_word' id='word_1_170' title='bbox 512 2912 565 2969; x_wconf 88' lang='lat' dir='ltr'><strong>sed</strong></span> <span class='ocrx_word' id='word_1_171' title='bbox 579 2911 641 2968; x_wconf 89' lang='lat' dir='ltr'><strong>filio</strong></span> <span class='ocrx_word' id='word_1_172' title='bbox 658 2923 709 2967; x_wconf 93' lang='lat' dir='ltr'><strong>tuo</strong></span> <span class='ocrx_word' id='word_1_173' title='bbox 724 2913 930 2986; x_wconf 83' lang='lat' dir='ltr'><strong>permolestum</strong></span> <span class='ocrx_word' id='word_1_174' title='bbox 948 2921 989 2968; x_wconf 89' lang='lat' dir='ltr'><strong>est</strong></span> <span class='ocrx_word' id='word_1_175' title='bbox 1004 2919 1184 2984; x_wconf 83' lang='lat' dir='ltr'><strong>exspectare,</strong></span> 
     </span>
     <span class='ocr_line' id='line_1_24' title="bbox 106 2999 1184 3075; baseline 0.001 -21"><span class='ocrx_word' id='word_1_176' title='bbox 106 2999 170 3056; x_wconf 87' lang='lat' dir='ltr'><strong>dum</strong></span> <span class='ocrx_word' id='word_1_177' title='bbox 196 3005 295 3061; x_wconf 79' lang='lat' dir='ltr'><strong>Parcae</strong></span> <span class='ocrx_word' id='word_1_178' title='bbox 317 3015 377 3062; x_wconf 88' lang='lat' dir='ltr'><strong>tam</strong></span> <span class='ocrx_word' id='word_1_179' title='bbox 401 3005 571 3062; x_wconf 85' lang='lat' dir='ltr'><strong>diuturnum</strong></span> <span class='ocrx_word' id='word_1_180' title='bbox 594 3005 661 3061; x_wconf 74' lang='lat' dir='ltr'><strong>vite</strong></span> <span class='ocrx_word' id='word_1_181' title='bbox 688 3016 744 3061; x_wconf 79' lang='lat' dir='ltr'><strong>tuae</strong></span> <span class='ocrx_word' id='word_1_182' title='bbox 769 3014 879 3060; x_wconf 71' lang='lat' dir='ltr'><strong>sumen</strong></span> <span class='ocrx_word' id='word_1_183' title='bbox 904 3003 1077 3060; x_wconf 84' lang='lat' dir='ltr'><strong>absolvant:</strong></span> <span class='ocrx_word' id='word_1_184' title='bbox 1103 2999 1184 3075; x_wconf 93' lang='lat' dir='ltr'><strong>quod</strong></span> 
     </span>
     <span class='ocr_line' id='line_1_25' title="bbox 106 3091 1183 3172; baseline -0.002 -24"><span class='ocrx_word' id='word_1_185' title='bbox 106 3105 260 3171; x_wconf 86' lang='lat' dir='ltr'><strong>antequam</strong></span> <span class='ocrx_word' id='word_1_186' title='bbox 284 3108 451 3170; x_wconf 88' lang='lat' dir='ltr'><strong>resecetur,</strong></span> <span class='ocrx_word' id='word_1_187' title='bbox 474 3107 600 3156; x_wconf 88' lang='lat' dir='ltr'><strong>mortem</strong></span> <span class='ocrx_word' id='word_1_188' title='bbox 624 3108 753 3172; x_wconf 88' lang='lat' dir='ltr'><strong>oppetes.</strong></span> <span class='ocrx_word' id='word_1_189' title='bbox 778 3094 936 3172; x_wconf 87' lang='lat' dir='ltr'><strong>Negotium</strong></span> <span class='ocrx_word' id='word_1_190' title='bbox 955 3094 1014 3167; x_wconf 89' lang='lat' dir='ltr'><strong>jam</strong></span> <span class='ocrx_word' id='word_1_191' title='bbox 1037 3109 1115 3148; x_wconf 88' lang='lat' dir='ltr'><strong>nunc</strong></span> <span class='ocrx_word' id='word_1_192' title='bbox 1133 3091 1183 3164; x_wconf 84' lang='lat' dir='ltr'><strong>ju·</strong></span> 
     </span>
     <span class='ocr_line' id='line_1_26' title="bbox 106 3187 1183 3266; baseline 0.001 -25"><span class='ocrx_word' id='word_1_193' title='bbox 106 3189 169 3244; x_wconf 77' lang='lat' dir='ltr'><strong>veui</strong></span> <span class='ocrx_word' id='word_1_194' title='bbox 194 3189 328 3261; x_wconf 83' lang='lat' dir='ltr'><strong>facessis,</strong></span> <span class='ocrx_word' id='word_1_195' title='bbox 353 3201 383 3248; x_wconf 90' lang='lat' dir='ltr'><strong>et</strong></span> <span class='ocrx_word' id='word_1_196' title='bbox 404 3191 595 3250; x_wconf 87' lang='lat' dir='ltr'><strong>hereditatem</strong></span> <span class='ocrx_word' id='word_1_197' title='bbox 620 3201 769 3266; x_wconf 87' lang='lat' dir='ltr'><strong>paternam</strong></span> <span class='ocrx_word' id='word_1_198' title='bbox 792 3189 870 3246; x_wconf 86' lang='lat' dir='ltr'><strong>votis</strong></span> <span class='ocrx_word' id='word_1_199' title='bbox 892 3187 1045 3246; x_wconf 85' lang='lat' dir='ltr'><strong>devoranti</strong></span> <span class='ocrx_word' id='word_1_200' title='bbox 1069 3203 1183 3244; x_wconf 88' lang='lat' dir='ltr'><strong>moram</strong></span> 
     </span>
     <span class='ocr_line' id='line_1_27' title="bbox 107 3279 1184 3357; baseline 0.001 -23"><span class='ocrx_word' id='word_1_201' title='bbox 107 3281 269 3356; x_wconf 83' lang='lat' dir='ltr'><strong>longiorem</strong></span> <span class='ocrx_word' id='word_1_202' title='bbox 291 3282 385 3344; x_wconf 83' lang='lat' dir='ltr'><strong>all&#39;ers.</strong></span> <span class='ocrx_word' id='word_1_203' title='bbox 406 3284 568 3342; x_wconf 88' lang='lat' dir='ltr'><strong>Discruciat</strong></span> <span class='ocrx_word' id='word_1_204' title='bbox 591 3283 674 3341; x_wconf 91' lang='lat' dir='ltr'><strong>illum</strong></span> <span class='ocrx_word' id='word_1_205' title='bbox 696 3285 756 3340; x_wconf 76' lang='lat' dir='ltr'><strong>heac</strong></span> <span class='ocrx_word' id='word_1_206' title='bbox 776 3295 824 3338; x_wconf 89' lang='lat' dir='ltr'><strong>tua</strong></span> <span class='ocrx_word' id='word_1_207' title='bbox 845 3293 902 3338; x_wconf 88' lang='lat' dir='ltr'><strong>tam</strong></span> <span class='ocrx_word' id='word_1_208' title='bbox 926 3282 1033 3357; x_wconf 87' lang='lat' dir='ltr'><strong>longa,</strong></span> <span class='ocrx_word' id='word_1_209' title='bbox 1057 3290 1116 3336; x_wconf 90' lang='lat' dir='ltr'><strong>tam</strong></span> <span class='ocrx_word' id='word_1_210' title='bbox 1143 3279 1184 3336; x_wconf 88' lang='lat' dir='ltr'><strong>si·</strong></span> 
     </span>
     <span class='ocr_line' id='line_1_28' title="bbox 107 3372 1182 3450; baseline 0.002 -22"><span class='ocrx_word' id='word_1_211' title='bbox 107 3372 177 3430; x_wconf 87' lang='lat' dir='ltr'><strong>milis</strong></span> <span class='ocrx_word' id='word_1_212' title='bbox 198 3373 324 3430; x_wconf 82' lang='lat' dir='ltr'><strong>eervinae</strong></span> <span class='ocrx_word' id='word_1_213' title='bbox 339 3385 470 3432; x_wconf 86' lang='lat' dir='ltr'><strong>senectus</strong></span> <span class='ocrx_word' id='word_1_214' title='bbox 484 3398 492 3432; x_wconf 90' lang='lat'><strong>:</strong></span> <span class='ocrx_word' id='word_1_215' title='bbox 505 3377 602 3450; x_wconf 87' lang='lat' dir='ltr'><strong>itaque</strong></span> <span class='ocrx_word' id='word_1_216' title='bbox 615 3387 719 3433; x_wconf 87' lang='lat' dir='ltr'><strong>auctor</strong></span> <span class='ocrx_word' id='word_1_217' title='bbox 732 3375 786 3432; x_wconf 84' lang='lat' dir='ltr'><strong>tibi</strong></span> <span class='ocrx_word' id='word_1_218' title='bbox 799 3393 878 3443; x_wconf 89' lang='lat' dir='ltr'><strong>sum,</strong></span> <span class='ocrx_word' id='word_1_219' title='bbox 895 3386 929 3432; x_wconf 89' lang='lat' dir='ltr'><strong>ut</strong></span> <span class='ocrx_word' id='word_1_220' title='bbox 945 3374 1090 3432; x_wconf 88' lang='lat' dir='ltr'><strong>medicum</strong></span> <span class='ocrx_word' id='word_1_221' title='bbox 1108 3393 1182 3431; x_wconf 91' lang='lat' dir='ltr'><strong>con-</strong></span> 
     </span>
     <span class='ocr_line' id='line_1_29' title="bbox 108 3449 1183 3542; baseline 0.004 -24"><span class='ocrx_word' id='word_1_222' title='bbox 108 3465 193 3534; x_wconf 84' lang='lat' dir='ltr'><strong>sulas,</strong></span> <span class='ocrx_word' id='word_1_223' title='bbox 215 3477 246 3521; x_wconf 90' lang='lat' dir='ltr'><strong>et</strong></span> <span class='ocrx_word' id='word_1_224' title='bbox 270 3485 347 3524; x_wconf 86' lang='lat' dir='ltr'><strong>ernas</strong></span> <span class='ocrx_word' id='word_1_225' title='bbox 368 3467 532 3524; x_wconf 82' lang='lat' dir='ltr'><strong>antidotum</strong></span> <span class='ocrx_word' id='word_1_226' title='bbox 554 3487 570 3522; x_wconf 86' lang='lat' dir='ltr'><strong>a</strong></span> <span class='ocrx_word' id='word_1_227' title='bbox 590 3467 761 3524; x_wconf 85' lang='lat' dir='ltr'><strong>Mithridate</strong></span> <span class='ocrx_word' id='word_1_228' title='bbox 783 3449 996 3542; x_wconf 69' lang='lat' dir='ltr'><strong>compositum,</strong></span> <span class='ocrx_word' id='word_1_229' title='bbox 1018 3466 1041 3523; x_wconf 91' lang='lat' dir='ltr'><strong>si</strong></span> <span class='ocrx_word' id='word_1_230' title='bbox 1064 3465 1183 3523; x_wconf 82' lang='lat' dir='ltr'><strong>alterius</strong></span> 
     </span>
     <span class='ocr_line' id='line_1_30' title="bbox 107 3555 1181 3632; baseline 0.001 -21"><span class='ocrx_word' id='word_1_231' title='bbox 107 3555 235 3612; x_wconf 84' lang='lat' dir='ltr'><strong>autumni</strong></span> <span class='ocrx_word' id='word_1_232' title='bbox 258 3555 329 3612; x_wconf 81' lang='lat' dir='ltr'><strong>lietu</strong></span> <span class='ocrx_word' id='word_1_233' title='bbox 351 3556 525 3632; x_wconf 81' lang='lat' dir='ltr'><strong>degustare,</strong></span> <span class='ocrx_word' id='word_1_234' title='bbox 548 3568 598 3614; x_wconf 90' lang='lat' dir='ltr'><strong>aut</strong></span> <span class='ocrx_word' id='word_1_235' title='bbox 619 3558 696 3614; x_wconf 85' lang='lat' dir='ltr'><strong>veris</strong></span> <span class='ocrx_word' id='word_1_236' title='bbox 715 3558 833 3615; x_wconf 87' lang='lat' dir='ltr'><strong>alterius</strong></span> <span class='ocrx_word' id='word_1_237' title='bbox 853 3577 931 3616; x_wconf 87' lang='lat' dir='ltr'><strong>rosas</strong></span> <span class='ocrx_word' id='word_1_238' title='bbox 951 3557 1059 3614; x_wconf 85' lang='lat' dir='ltr'><strong>intueri</strong></span> <span class='ocrx_word' id='word_1_239' title='bbox 1080 3557 1152 3615; x_wconf 83' lang='lat' dir='ltr'><strong>velis</strong></span> <span class='ocrx_word' id='word_1_240' title='bbox 1173 3578 1181 3612; x_wconf 75' lang='grc' dir='ltr'><strong><em>ε</em></strong></span> 
     </span>
     <span class='ocr_line' id='line_1_31' title="bbox 108 3647 1181 3726; baseline 0.004 -23"><span class='ocrx_word' id='word_1_241' title='bbox 108 3647 347 3705; x_wconf 87' lang='lat' dir='ltr'><strong>medicamentum</strong></span> <span class='ocrx_word' id='word_1_242' title='bbox 369 3648 445 3706; x_wconf 91' lang='lat' dir='ltr'><strong>illud</strong></span> <span class='ocrx_word' id='word_1_243' title='bbox 467 3649 498 3705; x_wconf 90' lang='lat' dir='ltr'><strong>iu</strong></span> <span class='ocrx_word' id='word_1_244' title='bbox 520 3662 660 3725; x_wconf 91' lang='lat' dir='ltr'><strong>promptu</strong></span> <span class='ocrx_word' id='word_1_245' title='bbox 684 3651 850 3708; x_wconf 89' lang='lat' dir='ltr'><strong>habendum</strong></span> <span class='ocrx_word' id='word_1_246' title='bbox 873 3663 933 3722; x_wconf 90' lang='lat' dir='ltr'><strong>est,</strong></span> <span class='ocrx_word' id='word_1_247' title='bbox 957 3650 1039 3726; x_wconf 90' lang='lat' dir='ltr'><strong>quod</strong></span> <span class='ocrx_word' id='word_1_248' title='bbox 1062 3650 1181 3708; x_wconf 89' lang='lat' dir='ltr'><strong>sorbere</strong></span> 
     </span>
     <span class='ocr_line' id='line_1_32' title="bbox 109 3739 1181 3819; baseline 0.004 -24"><span class='ocrx_word' id='word_1_249' title='bbox 109 3739 226 3813; x_wconf 86' lang='lat' dir='ltr'><strong>debeat,</strong></span> <span class='ocrx_word' id='word_1_250' title='bbox 241 3752 397 3817; x_wconf 87' lang='lat' dir='ltr'><strong>autequam</strong></span> <span class='ocrx_word' id='word_1_251' title='bbox 413 3743 506 3819; x_wconf 87' lang='lat' dir='ltr'><strong>capiat</strong></span> <span class='ocrx_word' id='word_1_252' title='bbox 522 3743 621 3800; x_wconf 88' lang='lat' dir='ltr'><strong>cibum</strong></span> <span class='ocrx_word' id='word_1_253' title='bbox 636 3754 666 3800; x_wconf 91' lang='lat' dir='ltr'><strong>et</strong></span> <span class='ocrx_word' id='word_1_254' title='bbox 679 3755 761 3819; x_wconf 88' lang='lat' dir='ltr'><strong>pater</strong></span> <span class='ocrx_word' id='word_1_255' title='bbox 776 3764 794 3800; x_wconf 84' lang='lat' dir='ltr'><strong>a</strong></span> <span class='ocrx_word' id='word_1_256' title='bbox 810 3743 894 3814; x_wconf 86' lang='lat' dir='ltr'><strong>filiis,</strong></span> <span class='ocrx_word' id='word_1_257' title='bbox 910 3756 939 3801; x_wconf 87' lang='lat' dir='ltr'><strong>et</strong></span> <span class='ocrx_word' id='word_1_258' title='bbox 956 3762 1008 3800; x_wconf 83' lang='lat' dir='ltr'><strong>rex</strong></span> <span class='ocrx_word' id='word_1_259' title='bbox 1025 3763 1042 3799; x_wconf 87' lang='lat' dir='ltr'><strong>a</strong></span> <span class='ocrx_word' id='word_1_260' title='bbox 1058 3742 1181 3811; x_wconf 81' lang='lat' dir='ltr'><strong>subditis</strong></span> 
     </span>
     <span class='ocr_line' id='line_1_33' title="bbox 108 3845 245 3893; baseline 0.022 -3"><span class='ocrx_word' id='word_1_261' title='bbox 108 3845 245 3893; x_wconf 86' lang='lat' dir='ltr'><strong>metuens.</strong></span> 
     </span>
    </p>
   </div>
   <div class='ocr_carea' id='block_1_5' title="bbox 109 3939 1181 4300">
    <p class='ocr_par' dir='ltr' id='par_1_15' title="bbox 109 3939 1181 4300">
     <span class='ocr_line' id='line_1_34' title="bbox 146 3939 1179 4019; baseline 0 -22"><span class='ocrx_word' id='word_1_262' title='bbox 146 3940 213 3998; x_wconf 72' lang='lat'>256.</span> <span class='ocrx_word' id='word_1_263' title='bbox 235 3943 362 4012; x_wconf 87' lang='lat' dir='ltr'><strong>Quodsi</strong></span> <span class='ocrx_word' id='word_1_264' title='bbox 379 3943 443 4019; x_wconf 85' lang='lat' dir='ltr'><strong>quis</strong></span> <span class='ocrx_word' id='word_1_265' title='bbox 457 3953 565 4018; x_wconf 90' lang='lat' dir='ltr'><strong>spectet</strong></span> <span class='ocrx_word' id='word_1_266' title='bbox 583 3943 697 4018; x_wconf 86' lang='lat' dir='ltr'><strong>quantis</strong></span> <span class='ocrx_word' id='word_1_267' title='bbox 710 3941 859 3998; x_wconf 82' lang='lat' dir='ltr'><strong>laboribus</strong></span> <span class='ocrx_word' id='word_1_268' title='bbox 873 3952 902 3998; x_wconf 89' lang='lat' dir='ltr'><strong>et</strong></span> <span class='ocrx_word' id='word_1_269' title='bbox 914 3939 1047 3998; x_wconf 83' lang='lat' dir='ltr'><strong>aerumnis</strong></span> <span class='ocrx_word' id='word_1_270' title='bbox 1060 3959 1123 3997; x_wconf 90' lang='lat' dir='ltr'><strong>rem</strong></span> <span class='ocrx_word' id='word_1_271' title='bbox 1136 3939 1179 3997; x_wconf 83' lang='lat' dir='ltr'><strong>sa-</strong></span> 
     </span>
     <span class='ocr_line' id='line_1_35' title="bbox 109 4032 1179 4111; baseline 0.003 -24"><span class='ocrx_word' id='word_1_272' title='bbox 109 4032 248 4090; x_wconf 85' lang='lat' dir='ltr'><strong>miliareru</strong></span> <span class='ocrx_word' id='word_1_273' title='bbox 257 4048 382 4110; x_wconf 89' lang='lat' dir='ltr'><strong>augeant</strong></span> <span class='ocrx_word' id='word_1_274' title='bbox 391 4037 484 4108; x_wconf 83' lang='lat' dir='ltr'><strong>avari,</strong></span> <span class='ocrx_word' id='word_1_275' title='bbox 499 4055 662 4111; x_wconf 85' lang='lat' dir='ltr'><strong>numosque</strong></span> <span class='ocrx_word' id='word_1_276' title='bbox 677 4045 762 4092; x_wconf 82' lang='lat' dir='ltr'><strong>aerata</strong></span> <span class='ocrx_word' id='word_1_277' title='bbox 777 4055 843 4092; x_wconf 87' lang='lat' dir='ltr'><strong>arca</strong></span> <span class='ocrx_word' id='word_1_278' title='bbox 855 4036 983 4092; x_wconf 89' lang='lat' dir='ltr'><strong>inclusos</strong></span> <span class='ocrx_word' id='word_1_279' title='bbox 998 4045 1179 4104; x_wconf 89' lang='lat' dir='ltr'><strong>coacervent,</strong></span> 
     </span>
     <span class='ocr_line' id='line_1_36' title="bbox 109 4124 1179 4204; baseline 0.005 -26"><span class='ocrx_word' id='word_1_280' title='bbox 109 4124 140 4180; x_wconf 91' lang='lat' dir='ltr'><strong>in</strong></span> <span class='ocrx_word' id='word_1_281' title='bbox 156 4130 259 4203; x_wconf 87' lang='lat' dir='ltr'><strong>templo</strong></span> <span class='ocrx_word' id='word_1_282' title='bbox 274 4128 420 4204; x_wconf 84' lang='lat' dir='ltr'><strong>vigilantis</strong></span> <span class='ocrx_word' id='word_1_283' title='bbox 432 4129 559 4188; x_wconf 89' lang='lat' dir='ltr'><strong>Castoris</strong></span> <span class='ocrx_word' id='word_1_284' title='bbox 572 4129 793 4200; x_wconf 88' lang='lat' dir='ltr'><strong>custodiendos,</strong></span> <span class='ocrx_word' id='word_1_285' title='bbox 809 4147 894 4186; x_wconf 86' lang='lat' dir='ltr'><strong>exeo</strong></span> <span class='ocrx_word' id='word_1_286' title='bbox 912 4127 1021 4184; x_wconf 89' lang='lat' dir='ltr'><strong>scilicet</strong></span> <span class='ocrx_word' id='word_1_287' title='bbox 1033 4138 1179 4202; x_wconf 86' lang='lat' dir='ltr'><strong>tempore,</strong></span> 
     </span>
     <span class='ocr_line' id='line_1_37' title="bbox 111 4217 1181 4300; baseline 0.001 -25"><span class='ocrx_word' id='word_1_288' title='bbox 111 4237 169 4292; x_wconf 91' lang='lat' dir='ltr'><strong>quo</strong></span> <span class='ocrx_word' id='word_1_289' title='bbox 179 4221 316 4280; x_wconf 79' lang='lat' dir='ltr'><strong>alaribus</strong></span> <span class='ocrx_word' id='word_1_290' title='bbox 325 4223 426 4280; x_wconf 73' lang='lat' dir='ltr'><strong>alslatae</strong></span> <span class='ocrx_word' id='word_1_291' title='bbox 434 4235 501 4282; x_wconf 90' lang='lat' dir='ltr'><strong>sunt</strong></span> <span class='ocrx_word' id='word_1_292' title='bbox 510 4224 641 4300; x_wconf 88' lang='lat' dir='ltr'><strong>pecuniae</strong></span> <span class='ocrx_word' id='word_1_293' title='bbox 651 4221 788 4299; x_wconf 70' lang='lat' dir='ltr'><strong>deposita</strong></span> <span class='ocrx_word' id='word_1_294' title='bbox 797 4222 827 4280; x_wconf 91' lang='lat' dir='ltr'><strong>in</strong></span> <span class='ocrx_word' id='word_1_295' title='bbox 837 4221 946 4297; x_wconf 89' lang='lat' dir='ltr'><strong>templo</strong></span> <span class='ocrx_word' id='word_1_296' title='bbox 954 4220 1057 4277; x_wconf 83' lang='lat' dir='ltr'><strong>Martis</strong></span> <span class='ocrx_word' id='word_1_297' title='bbox 1067 4217 1181 4288; x_wconf 85' lang='lat' dir='ltr'><strong>ultoris,</strong></span> 
     </span>
    </p>
   </div>
   <div class='ocr_carea' id='block_1_6' title="bbox 0 0 1500 4984">
    <p class='ocr_par' dir='ltr' id='par_1_16' title="bbox 0 0 1500 4984">
     <span class='ocr_line' id='line_1_38' title="bbox 0 0 1500 4984; baseline 0 0"><span class='ocrx_word' id='word_1_298' title='bbox 0 0 1500 4984; x_wconf 95' lang='lat' dir='ltr'><strong> </strong></span> 
     </span>
    </p>
   </div>
  </div>
 </body>
</html>
