3036 4984
375 446 550 513 sartan
572 447 848 517 UNDECIMA.

87 561 188 629 Nemo
204 561 291 630 inter
308 585 405 631 curas
422 579 457 632 et
475 565 561 634 seria
577 564 673 634 duxit
690 567 902 656 babendum,

85 667 195 755 Qualis
208 669 242 738 in
258 668 388 738 Oceani
405 671 512 742 lluctu
529 674 665 746 testudo
682 692 831 764 nataret,

85 777 210 848 Clarum
225 779 428 874 Trojugenis
446 780 576 852 factura
593 808 632 854 ac
648 785 762 854 nobile
780 786 947 860 fulcrum:

85 888 141 956 Sed
155 887 244 958 nudo
259 888 383 978 latere,
403 907 438 960 et
451 894 565 986 parvis
583 893 678 964 frons
695 921 782 966 aerea
799 896 896 969 lectis

84 997 151 1067 Vile
167 1001 318 1069 coronati
336 1017 439 1095 caput
454 1005 652 1075 ostendebat
668 1005 779 1092 aselli,

83 1107 128 1177 ld
141 1109 230 1202 quod
247 1108 362 1179 lascivi
378 1110 542 1183 ludebant
560 1115 648 1184 ruris
664 1116 804 1185 alumni.

85 1216 171 1287 Tales
184 1244 263 1315 ergo
279 1220 363 1304 cibi,
381 1221 487 1314 qualis
503 1223 625 1294 domus
639 1239 740 1319 atque
755 1227 916 1322 supellex.

84 1331 169 1399 Tunc
188 1330 281 1399 rudis
296 1347 331 1400 ct
344 1331 466 1402 Graias
482 1334 600 1404 mirari
616 1337 750 1406 nescius
768 1353 874 1426 artes,

85 1439 220 1508 Urbibus
235 1441 375 1527 eversis,
392 1442 588 1536 praedarum
601 1445 637 1513 in
653 1463 747 1540 parte
762 1463 894 1543 reperta

83 1551 276 1643 Magnorum
293 1550 463 1622 artificum
479 1552 657 1649 frangebat
675 1556 796 1651 pocula
813 1558 931 1644 miles,

83 1660 123 1728 Ut
137 1659 281 1754 phaleris
296 1662 459 1756 gauderet
473 1688 598 1758 equus,
618 1664 802 1760 caelataque
818 1667 916 1736 cassis

81 1768 244 1838 Romuleae
259 1769 438 1840 simulacra
453 1769 534 1841 lerae
550 1796 785 1842 mansuescere
798 1774 898 1867 jussas

10 1915 11 1918 ¹
81 1880 209 1973 Imperii
226 1879 315 1967 fato,
332 1881 486 1977 geminos
502 1884 565 1952 sub
585 1908 668 1978 rupe
681 1883 860 1972 Quirinos,

83 1993 129 2060 dc
142 1991 263 2060 nudam
283 1991 434 2088 effigiem
450 1991 570 2090 clypeo
584 1994 754 2063 venientis
770 2009 805 2064 et
820 1995 917 2065 hasta

82 2100 323 2200 Pendentisque
338 2101 403 2174 Dei
419 2105 573 2200 perituro
590 2105 787 2174 ostenderet
802 2104 907 2184 hosti.

82 2213 212 2307 Argenti
230 2213 325 2309 quod
341 2229 434 2302 erat,
450 2213 530 2284 solis
546 2213 700 2315 fulgebat
715 2215 893 2294 inarmis:

80 2435 157 2496 esset;
168 2436 255 2498 tnnc,
265 2427 400 2504 inqtum,
412 2447 516 2500 neruo,
530 2422 612 2505 quasi
625 2426 815 2500 remuriam,
828 2438 857 2486 et
867 2425 987 2504 alicujus
997 2433 1153 2502 momenti,

80 2519 183 2576 tutavit
197 2521 367 2595 exquirere,
385 2523 483 2598 quales
496 2532 525 2578 et
538 2533 652 2598 quantae
666 2522 698 2578 in
712 2523 830 2584 Oceano
842 2531 1016 2596 caperentur
1031 2523 1151 2580 testudi-

79 2630 132 2682 nes,
143 2632 162 2669 e
176 2632 302 2688 quarum
314 2615 432 2672 conchis
442 2615 476 2672 in
488 2616 608 2673 luminas
617 2615 743 2692 desectis
751 2626 890 2676 ornarent
901 2616 1044 2673 lectorum
1057 2615 1150 2680 fulcra

79 2705 191 2763 Romani
202 2726 342 2782 proceres
355 2730 366 2770 :A
375 2718 457 2766 erant
472 2707 614 2766 inornatae
628 2706 769 2790 cubilium
779 2707 898 2784 spondae
911 2718 940 2764 et
955 2709 1034 2764 nuda
1047 2709 1151 2778 latera,

78 2795 124 2870 ipsi
133 2799 233 2856 lectuli
244 2799 378 2876 angusti,
394 2810 424 2858 et
436 2800 469 2858 in
483 2819 585 2858 eorum
600 2799 741 2859 anteriori
755 2810 838 2878 parte
853 2799 926 2856 asini
941 2800 999 2857 vile
1014 2812 1101 2876 caput
1114 2821 1148 2858 er

81 2908 127 2947 are
144 2891 306 2963 visebatur,
317 2889 441 2950 floribus
454 2893 639 2964 redimitum,
650 2892 727 2950 circa
738 2893 819 2968 quod
828 2893 951 2950 infantes
961 2894 1067 2950 rustici
1077 2914 1150 2970 pro-

79 2991 148 3040 terve
162 2984 365 3046 colludebant.
386 2985 462 3042 Huic
482 2985 574 3062 igitur
596 2985 769 3060 supellectili
789 3003 823 3040 ac
843 2986 944 3043 domni
960 2996 1150 3044 consentanea

78 3087 148 3132 mant
161 3096 330 3135 mensarum
347 3078 465 3134 fercula.
481 3081 564 3136 Tunc
580 3079 687 3136 milites
702 3077 797 3135 nostri
811 3097 913 3154 parurn
931 3079 962 3134 in
977 3077 1150 3136 aestimandis

78 3168 237 3226 Graecorum
256 3168 401 3228 artificum
424 3171 537 3228 eximiis
557 3172 695 3248 operibus
713 3170 817 3246 periti,
835 3183 865 3228 et
881 3171 1025 3246 ejusmodi
1048 3190 1146 3230 rerum

78 3271 297 3338 contemptores,
313 3263 438 3340 siquam
453 3263 642 3340 diripuissent
654 3265 775 3334 urbem,
791 3262 872 3336 cujus
886 3263 917 3320 iu
933 3263 1032 3339 spoliis
1047 3266 1148 3323 elabo-

10 3353 12 3376 '
76 3364 133 3409 rata
144 3357 316 3432 reperissent
328 3357 366 3412 ab
380 3357 505 3434 egregiis
516 3356 669 3434 opificibus
683 3377 763 3428 vass,
781 3358 881 3414 eadem
894 3357 1149 3434 perfringerenon

77 3445 254 3524 dubitabant,
279 3462 314 3506 nt
328 3469 365 3508 ex
380 3451 416 3508 iis
434 3453 527 3516 bullas
543 3462 572 3510 et
588 3452 644 3508 alia
663 3450 694 3508 id
709 3469 799 3528 genus
819 3469 962 3526 equorum
980 3463 1148 3511 ornamenta

78 3541 260 3614 conficerent,
277 3554 312 3600 nt
325 3563 390 3602 suas
405 3545 500 3621 galeas
513 3544 687 3623 insignirent
697 3545 797 3602 calata
807 3541 901 3620 effigie
913 3541 1025 3616 aliqua,
1041 3542 1150 3600 scilicet

77 3634 158 3707 lupa,
184 3656 250 3712 quar
272 3637 423 3712 deponens
448 3637 577 3697 nativam
599 3637 759 3708 lenitatem,
782 3638 824 3694 ita
842 3633 1013 3710 jubentibus
1035 3635 1152 3710 imperii

77 3721 193 3784 Romani
208 3729 290 3800 latis,
305 3730 466 3792 Romulum
482 3730 554 3788 aluit
572 3752 579 3786 :
594 3730 665 3792 itero
680 3729 864 3806 geminorum
881 3727 1004 3785 fratrum
1023 3727 1108 3784 Remi
1121 3740 1150 3786 et

78 3819 202 3893 Romuli,
216 3821 271 3878 snb
284 3821 567 3893 Quirinalismontis
583 3841 656 3900 rupe
668 3821 844 3904 iacentium:
859 3829 909 3876 aut
922 3818 1044 3886 Martis,
1055 3820 1151 3880 bello-

10 3931 12 3994 p
77 3930 135 3968 rum
149 3912 279 3989 presidis
295 3915 356 3986 dei,
370 3916 424 3990 qui
434 3916 530 3974 nudus
544 3916 700 3978 cumbusta
712 3927 742 3971 et
753 3915 856 3990 clypeo
868 3913 948 3988 qussi
957 3923 1070 3974 exstare
1082 3933 1149 3974 cer-

10 3999 11 4020 ²
77 4017 188 4063 neretur
201 4027 218 4064 e
232 4008 328 4084 galea,
338 4008 475 4085 hostique
484 4009 565 4065 velut
580 4008 749 4077 imminens,
765 4006 810 4062 illi
820 4005 940 4064 exitium
951 4005 1104 4064 intentare.
1118 4007 1151 4065 Si

79 4097 144 4170 qnid
161 4097 217 4156 illis
235 4101 351 4177 argenti
370 4111 448 4172 erat,
467 4101 523 4157 boc
542 4101 630 4158 armis
650 4102 789 4157 duntaxat
807 4098 945 4157 ornandis
963 4098 1148 4156 adhibebant.

78 4189 155 4248 Tales
164 4193 255 4270 igitur
264 4213 298 4251 ac
309 4193 384 4252 tanti
393 4194 452 4253 viri
458 4236 468 4268 ,
478 4214 605 4278 qnorum
617 4191 797 4266 fortitudini,
811 4192 892 4250 fama
903 4211 936 4249 ac
947 4189 1077 4248 felicitati
1084 4188 1149 4263 jure
