3036 4984
375 458 436 525 150
644 457 685 520 D.
708 455 845 521 JUNII
867 453 1152 524 IUVENALIS

371 571 546 640 Ponebant
565 570 667 664 igitur
680 571 791 639 Tusco
810 569 936 639 farrata
952 571 1064 641 catino

306 737 308 742 2
371 681 495 751 Omnia
509 696 605 766 tunc,
622 681 745 775 quibus
759 681 926 767 invideas,
945 683 971 752 si
987 681 1146 752 lividulus
1162 683 1215 751 sis.
1387 715 1430 758 tto

421 791 638 886 Templorum
651 817 786 886 quoque
797 793 956 885 majestas
971 791 1178 887 praesentior,
1195 805 1231 862 et
1243 817 1310 861 vox

372 905 484 974 Nocte
498 903 569 972 fere
584 903 694 972 media
707 904 922 996 mediamque
935 903 1049 971 audita
1064 927 1127 997 per
1138 901 1286 990 Urbem,

373 1014 490 1082 Litore
504 1013 546 1081 ab
560 1014 687 1082 Oceani
701 1011 809 1082 Gallis
824 1013 1054 1100 venientibus,
1071 1027 1106 1082 et
1119 1012 1180 1082 Dis
1199 1002 1201 1005 ’

374 1121 536 1193 Officium
556 1126 638 1194 vatis
657 1123 909 1218 peragentibus,
927 1121 979 1192 his
993 1124 1125 1192 monuit
1140 1145 1212 1192 nos.

373 1236 472 1304 Hanc
488 1234 587 1303 rebus
605 1235 709 1303 Latiis
726 1258 841 1303 curam
859 1248 1017 1328 praestare
1036 1233 1165 1304 solebat
1393 1249 1435 1302 ηε

374 1343 502 1414 Fictilis
516 1358 552 1414 et
565 1343 658 1414 nullo
672 1327 814 1414 violatus
827 1345 962 1437 Jupiter
977 1366 1073 1413 auro.

374 1452 437 1523 Illa
453 1454 546 1524 domi
562 1470 655 1524 natas
670 1468 852 1548 nostraque
868 1479 909 1524 ex
923 1455 1043 1524 arbore
1058 1477 1191 1524 mensas

375 1565 544 1660 Tempora
557 1565 733 1652 viderunt3
747 1566 809 1634 hos
825 1563 955 1660 liguum
971 1565 1079 1635 stabat
1094 1567 1129 1634 in
1144 1591 1240 1650 usus,

377 1676 549 1744 Anuosam
563 1676 588 1744 si
602 1675 691 1744 forte
708 1699 830 1745 nucem
846 1675 1016 1770 dejecerat
1030 1679 1152 1746 Eurus.

377 1788 423 1855 At
438 1812 530 1855 nunc
544 1786 702 1856 divitibus
721 1786 877 1856 coenandi
895 1785 988 1857 nulla
1003 1787 1173 1882 voluptas,
1397 1817 1442 1852 m

377 1894 436 1966 Nil
451 1897 629 1985 rhombus,
645 1896 693 1967 nil
710 1897 808 1966 dama
824 1898 926 1993 sapit‚·
942 1915 1061 1994 putere
1074 1897 1231 1969 videntur

378 2005 563 2099 Unguenta
577 2019 679 2101 atque
695 2031 797 2092 rosae,
818 2005 901 2078 latos
917 2008 980 2075 nisi
997 2008 1137 2077 sustinet
1152 2008 1251 2077 orbes

379 2114 518 2183 Grande
536 2115 632 2204 ebur,
650 2131 684 2185 et
703 2140 827 2210 magno
845 2113 997 2185 sublimis
1013 2113 1138 2212 pardus
1151 2117 1263 2202 hiatu,

378 2225 546 2295 Dentibus
565 2250 605 2296 ex
622 2225 708 2313 illis,
726 2251 811 2324 quos
828 2226 931 2296 mittit
947 2241 1046 2321 porta
1061 2228 1205 2320 Syenes,

378 2339 424 2408 Et
439 2335 552 2405 Mauri
568 2335 710 2440 celeres,
730 2353 764 2407 et
778 2339 901 2406 Mauro
915 2337 1091 2444 obscurior
1105 2336 1230 2419 ludus,
1403 2352 1447 2402 125

380 2533 507 2595 invideat
516 2533 693 2612 quicumque
705 2528 801 2612 aliqua
815 2536 895 2612 tangi
906 2545 1003 2610 potest
1014 2535 1125 2592 invidia
1133 2577 1141 2606 ‚
1150 2553 1256 2592 mensae
1270 2535 1449 2610 apponebant

380 2630 510 2688 conlecta
522 2649 537 2687 e
549 2629 671 2704 simplici
684 2629 760 2686 farre
772 2630 877 2686 cibaria
889 2630 985 2686 omnia
1000 2629 1031 2685 in
1042 2630 1115 2686 vasis
1126 2630 1237 2686 Tusciae
1248 2627 1395 2686 fictilibus.

425 2740 489 2778 111.
511 2723 545 2777 ln
568 2739 669 2777 eorum
688 2718 773 2778 etiaiu
792 2721 907 2798 templis
922 2721 1098 2795 majestatem
1123 2741 1202 2780 suam
1223 2733 1252 2778 et
1275 2721 1450 2798 praesentiam

380 2811 486 2889 Superi
495 2812 657 2870 evidentius
666 2813 864 2886 declarabant;
876 2814 959 2889 quod
968 2814 1092 2871 inarime
1104 2813 1282 2870 intellectum
1292 2825 1352 2883 est,
1367 2833 1450 2888 quum

380 2907 456 2964 Galli
477 2905 514 2964 ab
535 2905 658 2964 occiduo
672 2899 776 2962 'littore
798 2907 898 2963 oceani
913 2905 1083 2982 irruperunt
1097 2907 1129 2962 iu
1144 2907 1271 2978 ltaliam3
1293 2916 1363 2963 tuuc
1380 2908 1451 2964 euim

380 3001 485 3058 auditae
496 3019 582 3058 voces
596 2999 714 3056 luerunt
729 3000 814 3057 nbcte
828 2999 1013 3076 intempesta,
1029 3000 1123 3056 media
1135 3000 1165 3056 in
1179 3001 1253 3056 urbe
1266 2999 1377 3070 Roma,
1395 2999 1453 3074 qui·

379 3095 435 3152 bus
446 3093 602 3152 adventare
616 3093 691 3149 Galli
707 3093 927 3164 nuntiabantur,
945 3095 1063 3170 Superis
1077 3093 1145 3169 ipsis
1156 3105 1253 3149 vatum
1270 3113 1336 3169 erga
1352 3095 1454 3150 Roma·

382 3207 436 3246 nos
452 3205 572 3245 munere
588 3184 783 3261 fungentibus.
799 3187 847 3245 Sic
862 3206 916 3244 nos
932 3187 968 3244 de
984 3187 1147 3244 imminenti
1161 3187 1251 3244 exitio
1266 3188 1455 3256 admonebat,

382 3281 422 3340 sic
441 3283 601 3338 Romanam
617 3296 678 3335 rem
695 3279 813 3336 curabat
827 3282 957 3356 Jupiter,
974 3299 1063 3356 quum
1078 3281 1138 3354 ejus
1153 3291 1253 3337 statuae
1267 3281 1411 3336 duntaxat
1423 3301 1454 3336 er

382 3373 483 3449 argilla
499 3373 635 3430 conserte
651 3383 760 3443 esseut,
780 3375 904 3431 necdum
921 3392 993 3430 auro
1011 3371 1158 3446 conflatae,
1182 3373 1228 3428 vel
1246 3373 1343 3447 potius
1359 3373 1455 3448 inqui-

381 3473 463 3526 natae.
480 3466 541 3523 Illis
554 3464 732 3540 temporibus
743 3485 847 3524 mensae
858 3467 965 3522 fiebant
974 3486 1008 3524 ex
1021 3467 1177 3524 arboribus
1188 3467 1219 3522 in
1230 3467 1311 3524 Italia
1325 3467 1418 3537 natis,
1431 3477 1457 3522 et

382 3560 462 3638 quasi
487 3559 660 3616 domesticis.
683 3553 812 3616 Si'forte
837 3559 962 3615 vetulam
985 3575 1087 3616 nucem
1108 3569 1214 3615 ventus
1236 3560 1456 3633 prostravisset,

382 3655 443 3729 ejus
453 3665 587 3709 truncum
596 3651 633 3707 ad
642 3667 768 3709 mensam
780 3651 974 3709 fabricandam
985 3653 1180 3709 reservabant.
1197 3655 1236 3710 At
1247 3671 1324 3708 nunc
1334 3651 1459 3708 Romani

381 3749 541 3822 locupletes
555 3745 652 3801 cibum
665 3764 768 3818 capere
783 3764 849 3801 cum
863 3747 1012 3819 voluptate
1026 3763 1087 3800 non
1102 3757 1236 3820 possunt,
1254 3745 1362 3801 nullius
1374 3764 1457 3820 sapo-

383 3841 424 3899 ris
443 3855 503 3895 essc
521 3839 661 3894 rhombos
680 3857 712 3894 ac
733 3839 846 3908 damas,
868 3839 968 3895 odoris
989 3841 1096 3896 nullius
1112 3849 1259 3915 unguenta
1277 3839 1457 3906 suavissima,

381 3935 513 4010 ipsasque
530 3949 609 3987 rosas
622 3941 741 4004 putant,
754 3931 809 3988 nisi
821 3951 931 3988 mensas
946 3932 1078 4008 ingentes
1090 3933 1208 3989 fulciant
1221 3933 1309 4009 pedes
1321 3932 1456 4000 eburnei,

381 4025 540 4104 pardorum
551 4022 691 4080 hiantium
703 4023 823 4100 figuram
838 4025 987 4082 insumma
1000 4037 1083 4101 parte
1092 4024 1264 4096 referentes,
1275 4035 1304 4081 et
1318 4043 1353 4082 ex
1370 4025 1459 4082 ebore

381 4118 585 4176 candidissimo
606 4116 752 4189 fabricati,
775 4120 859 4193 quale
883 4118 1054 4196 deportatur
1073 4139 1108 4176 ex
1134 4113 1323 4194 Elephantide
1350 4119 1457 4188 insula,

261 4260 270 4274 r
381 4227 475 4289 prope
493 4213 609 4288 Syenen
622 4211 722 4282 sita3e
740 4213 921 4270 Mauritania
940 4213 1082 4272 celeribus
1099 4211 1220 4284 incolis3
1239 4225 1275 4270 ex
1295 4211 1357 4288 ipsa
1376 4213 1457 4271 India
