3074 4990
320 450 358 491 10
590 415 629 494 n.
660 431 797 496 tuan
827 431 1112 499 Juvanams

273 595 280 606 .
317 543 492 610 Proximus
511 559 590 612 ante
607 544 697 614 diem
713 570 821 640 caupo
835 547 937 631 sciet,
953 547 1067 616 audiet
1081 564 1115 617 et
1133 573 1207 643 quae

315 653 342 718 F
344 650 502 720 inxerunt
519 655 647 748 pariter
663 655 832 743 librarius,
847 658 1075 753 archimagiri,

315 762 496 855 Carptores
510 789 517 830 :
533 765 624 858 quod
639 766 734 835 enirn
751 766 906 836 dubitant
920 791 1124 863 componere
1139 769 1267 839 crimen
1330 797 1379 833 110

315 873 356 940 ln
374 872 544 960 dominos,
562 878 693 970 quoties
710 879 902 948 rumoribus
918 877 1130 948 ulciscuntur

315 982 450 1052 Baltea?
466 1010 529 1054 nec
543 986 673 1075 deerit,
692 989 750 1083 qui
764 1003 797 1057 te
817 1013 878 1082 per
895 988 1044 1081 compita
1058 1003 1187 1082 quaerat

314 1090 510 1180 Nolentem,
527 1111 560 1164 et
583 1096 739 1165 miseram
758 1098 894 1167 vinosus
910 1097 1055 1168 inebriet
1071 1121 1200 1168 aurem.

312 1201 392 1271 Illos
410 1230 492 1300 ergo
510 1232 621 1302 roges,
636 1208 803 1303 quidquid
820 1207 920 1303 paulo
937 1224 1015 1277 ante
1032 1209 1167 1303 petebas

312 1313 342 1380 A
359 1315 478 1384 nobis:
494 1332 628 1386 taceant
646 1317 712 1404 illi;
727 1317 786 1387 sed
801 1317 945 1412 prodere
962 1316 1093 1390 malunt
1336 1325 1384 1381 1¹⁵

313 1424 501 1510 Arcanum,
520 1451 621 1520 quam
637 1428 792 1521 subrepti
809 1443 927 1523 potare
945 1427 1094 1512 Falerni,

316 1534 383 1600 Pro
400 1535 528 1628 populo
546 1535 676 1606 faciens
695 1552 859 1630 quantum
874 1537 1026 1608 Laufella
1041 1537 1186 1605 bibebat.

312 1644 505 1714 Vivendum
524 1661 616 1716 recte
633 1661 701 1732 est,
717 1672 794 1716 curn
810 1663 951 1743 propter
967 1646 1127 1741 plurima,
1145 1661 1218 1715 tum
1235 1645 1287 1712 his

312 1753 485 1847 Praecipue
500 1756 626 1841 causis,
640 1771 679 1824 ut
695 1755 824 1850 linguas
841 1757 1088 1850 mancipiorum

313 1865 537 1953 Contemnas;
557 1890 633 1934 nam
655 1865 771 1960 lingua
786 1867 863 1936 mali
881 1892 956 1962 pars
973 1864 1116 1960 pessima
1132 1863 1230 1933 servi.
1336 1893 1384 1928 120

312 1975 471 2046 Deterior
486 1993 598 2046 tamen
613 1978 688 2062 hic,
703 1979 761 2072 qui
778 1978 862 2046 liber
875 2003 945 2046 non
963 1977 1028 2044 erit
1047 1974 1114 2043 illis
1129 2026 1138 2060 ,

310 2082 466 2170 Quorum
483 2088 609 2158 animas
625 2102 660 2156 ct
673 2085 763 2156 farre
779 2111 839 2158 suo
855 2084 1005 2156 custodit
1019 2099 1054 2152 et
1071 2107 1147 2152 aere.

739 2233 944 2280 umvonus

358 2326 491 2397 Idcirco
505 2343 544 2397 ut
562 2329 686 2424 possim
702 2327 852 2423 linguam
871 2345 1090 2399 contemnere
1110 2328 1217 2410 servi,

309 2507 367 2562 rari
382 2508 459 2580 apud
474 2527 503 2566 se
524 2509 669 2583 quidquid
682 2507 820 2565 finxerint
833 2509 987 2577 librarius,
1003 2508 1133 2584 primarii
1147 2508 1247 2584 coqui,
1262 2517 1292 2563 et
1309 2525 1382 2581 prae-

307 2597 376 2654 fecti
388 2599 532 2655 struenda
543 2618 656 2654 mensae.
668 2600 763 2668 Quam
772 2598 848 2656 enirn
859 2599 896 2656 de
907 2601 966 2656 suis
979 2601 1057 2656 heris
1067 2599 1208 2669 fabulam,
1220 2617 1307 2673 quam
1317 2617 1385 2654 can·

308 2689 425 2746 tilenam
434 2690 615 2746 comminisci
630 2699 718 2764 atque
731 2693 946 2748 consuere‘non
958 2691 1067 2747 audent
1081 2690 1171 2758 servi,
1187 2709 1262 2765 quos
1273 2690 1310 2746 de
1323 2689 1381 2746 illis

309 2800 441 2839 rumores
455 2783 643 2840 disseminare
657 2782 807 2853 dubitant,
822 2801 912 2857 quum
921 2784 991 2841 loris
1003 2784 1164 2840 balteorum
1175 2783 1239 2841 caesi
1251 2783 1385 2840 dolorem

306 2895 389 2932 suum
404 2887 433 2932 et
449 2877 570 2934 verbera
579 2875 685 2933 ¹ulcisci
697 2875 894 2932 meditantur?
911 2877 973 2932 Erit
989 2875 1075 2932 etiam
1088 2876 1138 2950 qui
1154 2886 1182 2932 te
1190 2895 1244 2951 per
1259 2875 1385 2950 compita

305 2967 387 3022 urbis
399 2978 524 3042 quaerat,
537 2977 566 3024 et
577 2966 678 3024 audire
691 2967 875 3024 istainvitum
886 2943 986 3044 bugat,
998 2968 1150 3042 multoque
1159 2967 1228 3024 vino
1240 2967 1384 3042 prolutus,

308 3061 443 3136 improba
454 3062 629 3137 loquacitate
639 3081 722 3119 aures
733 3062 788 3118 tibi
799 3063 951 3120 obtundat.
966 3063 1011 3118 nb
1022 3063 1066 3118 bis
1080 3061 1171 3137 igitur
1178 3063 1290 3137 postula
1303 3061 1383 3136 qnod

308 3155 398 3212 modo
419 3175 465 3211 me
481 3157 620 3230 rogabas,
646 3175 750 3231 nempe
770 3156 932 3225 silentium3
955 3156 1077 3230 impetra
1095 3166 1129 3212 ut
1148 3156 1185 3212 de
1203 3153 1336 3211 sordibus
1354 3165 1385 3210 et

308 3248 427 3306 avaritia
445 3248 632 3305 dominorum
649 3269 769 3306 suorum
785 3259 912 3319 taceant3
929 3267 1085 3322 numquam
1102 3248 1132 3308 id
1153 3247 1284 3304 exorabis
1295 3267 1302 3301 τ
1315 3265 1384 3322 pro-

308 3343 386 3399 ferre
396 3347 532 3398 arcanum
546 3343 673 3412 malunt,
689 3361 775 3418 quarn
790 3340 891 3398 furtivi
905 3340 967 3395 vini
982 3341 1029 3396 vel
1043 3338 1254 3416 generosissimi
1270 3349 1383 3395 tantum
1484 3337 1488 3346 '

305 3444 421 3509 potare,
432 3443 573 3510 quantum
586 3433 705 3490 sorbere
717 3433 844 3489 Lnnlella
857 3441 1059 3501 consueverat,
1074 3451 1166 3508 quum
1176 3449 1253 3490 sacra
1263 3449 1319 3505 pro
1331 3451 1384 3507 po·

307 3525 370 3599 puli
386 3527 476 3582 salute
497 3525 611 3581 laceret.
631 3525 707 3583 Sane
731 3543 821 3598 quum
844 3525 977 3600 plurimis
995 3523 1141 3581 decausis
1162 3524 1381 3598 providendum

307 3619 392 3677 nobis
412 3629 469 3688 est,
484 3629 518 3675 ut
532 3629 644 3688 sancte,
659 3637 691 3673 ac
705 3617 752 3691 pie
769 3617 857 3673 vitam
872 3616 1069 3686 instituamus,
1084 3627 1145 3673 tum
1160 3615 1334 3691 presertim,
1350 3627 1384 3672 ut

306 3729 343 3768 ne
353 3710 719 3785 sermonesmancipiorum
729 3721 897 3766 nostrorum
910 3709 1080 3789 linguasque
1093 3709 1249 3766 timeamus.
1263 3709 1297 3764 ln
1306 3709 1383 3764 malo

308 3810 415 3885 quippe
426 3821 511 3861 servo
522 3802 594 3858 nihil
608 3813 650 3858 est
663 3802 761 3878 lingua
771 3801 861 3878 pejus.
877 3794 1001 3859 Gravius
1014 3814 1129 3869 tamen,
1144 3819 1229 3875 quam
1243 3801 1319 3856 servi
1331 3804 1383 3878 qui

308 3901 496 3959 dominorum
510 3895 650 3970 detegunt
666 3893 793 3969 flagitia,
808 3907 927 3970 peccant
943 3895 998 3971 ipsi
1013 3894 1140 3964 domini,
1154 3913 1244 3967 quum
1256 3895 1383 3968 turpiter

308 4005 338 4050 at
351 3988 490 4066 flagitiose
505 3986 624 4055 vivunt,
643 3997 716 4043 etse
732 3987 861 4044 reddunt
876 3988 935 4046 illis
956 3988 1117 4055 obnoxios,
1131 4005 1163 4042 ac
1183 4004 1264 4060 paene
1283 4007 1382 4046 servos

306 4088 440 4152 illorum,
455 4097 528 4154 quos
542 4089 571 4137 et
584 4097 636 4135 suo
652 4079 786 4136 nutriunt
799 4098 888 4156 pane,
902 4091 932 4138 et
946 4080 1066 4157 pecnnia
1081 4090 1278 4136 munerantur.

351 4173 417 4232 123.
439 4189 513 4228 nav.
535 4173 624 4230 Recte
636 4170 847 4244 memnones,
861 4191 894 4230 ac
910 4171 1013 4243 tradis,
1029 4189 1087 4246 quo
1101 4181 1187 4246 pacto
1199 4170 1305 4247 possim
1318 4191 1380 4229 ser·
