3030 4984
381 381 560 448 samaa
582 377 892 446 uuooacmm.
1106 411 1170 476 207

106 503 151 568 Et
162 495 369 566 claudentem
383 496 499 567 oculos
515 493 671 591 gallinam
688 494 857 588 impendat
871 496 979 567 amico

106 610 186 676 Tam
203 605 328 676 sterili:
343 631 461 675 verum
476 606 550 674 haec
562 605 667 674 nimia
679 620 730 674 est
743 605 911 698 impensa;
929 612 1084 682 coturnix

105 715 207 786 Nulla
225 740 374 809 unquam
393 739 456 809 pro
476 728 570 810 patre
586 714 690 784 cadet.
705 715 837 783 Sentire
853 713 995 788 calorem

103 829 137 896 Si
153 827 259 920 coepit
275 823 423 920 locuples
441 822 565 893 Gallita
580 838 614 892 et
631 823 770 892 Paccius
789 825 881 913 orbi,

103 938 271 1032 legitime
285 935 360 1004 fixis
378 935 517 1006 vestitur
530 947 601 1004 tota
615 931 743 1002 tabellis
864 1011 870 1020 Ι
1127 977 1175 1011 100

104 1049 283 1116 Porticus:
303 1047 479 1131 exsistunt,
498 1045 556 1140 qui
574 1044 773 1140 promittant
789 1044 1029 1136 hecatomben,

106 1156 282 1244 Quatenus
294 1157 351 1227 hic
370 1181 438 1226 non
456 1169 535 1225 sunt
552 1180 614 1225 nec
630 1152 760 1224 venales
776 1153 964 1250 elephanti,

105 1267 176 1335 Nec
195 1265 316 1353 Latio,
338 1281 397 1336 aut
411 1289 551 1360 usquam
567 1280 682 1336 nostro
698 1265 761 1334 sub
775 1263 881 1337 sidem
899 1266 972 1338 talis

105 1373 208 1444 belua
223 1376 431 1470 concipitur3
444 1375 500 1444 sed
513 1375 611 1444 furva
625 1390 724 1471 gente
737 1377 858 1469 petita:

105 1486 294 1555 Arboribus
308 1485 441 1556 Rutulis
453 1500 487 1555 et
501 1487 608 1556 Turni
621 1487 770 1580 pascitur
780 1510 879 1582 agro,

105 1598 245 1666 casaris
262 1613 468 1683 armentum,
488 1595 571 1666 nulli
591 1597 716 1666 servire
734 1613 887 1693 paratum

105 1707 260 1794 Privato;
276 1707 438 1801 siquidem
456 1708 559 1801 Tyrio
579 1731 697 1801 parere
715 1705 867 1777 solebant

106 1815 308 1906 Hannibali,
324 1832 357 1886 et
368 1818 490 1888 nostris
501 1818 660 1906 ducibus,
677 1821 812 1915 regique
824 1815 972 1892 Molosso

110 1930 240 1996 Horum
261 1928 425 2021 majores,
440 1955 479 1999 ac
492 1929 592 1999 dorso
611 1930 698 2002 ferre
712 1929 885 2019 cohortes,

111 2039 240 2106 Partem
257 2037 403 2133 aliquam
418 2039 513 2128 belli,
531 2056 564 2110 et
577 2045 711 2110 euntem
725 2043 761 2110 in
773 2041 887 2135 prnlia
898 2043 1029 2112 turrim.
1131 2077 1181 2114 110

110 2147 210 2217 Nulla
225 2149 332 2243 igitur
349 2172 443 2217 mora
458 2172 520 2240 per
537 2151 701 2234 Novium,
716 2173 811 2217 mora
826 2149 917 2218 nulla
930 2175 990 2244 per
1004 2152 1158 2224 Histrum

110 2259 314 2345 Pacuvium,
328 2259 411 2352 quin
425 2257 508 2326 illud
521 2257 605 2328 ebur
618 2257 762 2326 ducatur
775 2258 817 2326 ad
830 2282 919 2343 aras,

109 2472 184 2548 qui,
200 2481 236 2528 ut
248 2469 423 2548 gratilioetur
431 2469 573 2545 ejusmodi
582 2470 686 2543 amico,
696 2489 713 2526 a
724 2488 783 2545 quo
794 2469 868 2526 nibil
878 2469 1067 2545 sperandum,
1080 2481 1183 2548 utpote

110 2565 166 2640 qui
175 2564 214 2621 ait
224 2575 313 2640 pater,
320 2564 430 2640 quique
439 2565 548 2621 liberos
558 2563 678 2635 babeat,
690 2564 840 2620 immolare
849 2563 983 2640 gallinam
992 2563 1063 2622 velit
1074 2567 1185 2624 morbi-

110 2657 179 2714 dam
195 2666 225 2713 et
237 2656 457 2728 moribundam,
472 2656 562 2712 immo
575 2652 716 2731 (namque
731 2655 791 2712 haec
807 2654 867 2729 ipsa
882 2655 989 2713 scilicet
1003 2657 1115 2732 gallina
1128 2658 1184 2714 im-

110 2769 198 2826 pensa
209 2749 301 2806 nimia
311 2748 366 2828 est)
378 2751 556 2808 coturnicem
565 2749 578 2805 i
587 2752 716 2818 Atrero,
728 2747 752 2805 si
761 2748 880 2820 Gallita,
892 2748 915 2805 si
925 2751 1049 2822 Paccius,
1059 2754 1110 2827 qui
1120 2751 1185 2828 opi-

110 2843 165 2899 bus
175 2841 336 2913 abundant,
347 2841 398 2916 qui
406 2841 505 2898 liberis
513 2850 620 2912 carent,
630 2841 775 2898 febricula
785 2852 856 2898 astu
866 2851 1021 2912 tentantur,
1033 2844 1184 2901 confestim

112 2935 209 2992 rideas
221 2935 325 3011 templi
336 2933 480 3010 porticum
491 2945 579 2992 totam
591 2935 725 2992 refertam
738 2935 857 3006 tabellis,
866 2935 898 2991 in
909 2935 1014 3010 quibus
1025 2947 1185 3013 captatores

113 3029 321 3105 descripserint
334 3039 403 3086 rota
415 3047 465 3086 aaa
479 3047 534 3103 pro
551 3028 669 3085 illorum
682 3027 880 3084 incolumitate
895 3027 951 3084 rite
963 3041 1110 3104 suspecta:
1124 3051 1186 3089 non

115 3121 234 3192 dunat,
245 3121 299 3197 qui
308 3120 480 3178 sacrificinm
491 3132 605 3178 centum
614 3121 702 3178 boum
713 3139 743 3177 se
754 3120 879 3178 facturos
887 3121 1087 3196 polliceantur,
1095 3124 1187 3202 aiqui-

118 3213 186 3269 deun
195 3217 296 3272 brute
307 3232 369 3271 non
380 3212 548 3271 venduntur
559 3213 718 3290 elephanti,
733 3231 786 3270 nec
797 3213 828 3268 in
841 3213 923 3270 Italia
932 3225 961 3271 et
973 3217 1078 3272 uostris
1089 3219 1187 3296 regio-

116 3306 204 3364 nibns
212 3307 271 3364 istae
282 3307 387 3364 belluae
400 3317 566 3376 nascuntur,
577 3306 627 3364 sed
638 3307 675 3363 ab
685 3305 789 3362 Africae
799 3315 849 3361 ant
859 3305 933 3362 Asiae
946 3307 1112 3382 longinquis
1127 3311 1188 3368 oria

114 3397 311 3457 abducrmtur.
335 3403 506 3457 Armentum
526 3412 621 3457 autem
638 3401 858 3475 elephantorum
879 3399 959 3475 quod
979 3403 1095 3458 Caesaris
1115 3422 1186 3477 pro—

114 3492 212 3567 prium
225 3503 287 3564 eat,
302 3503 333 3549 et
347 3493 427 3568 quod
442 3493 472 3549 in
486 3493 678 3566 Rutulorum,
694 3491 799 3567 quibua
810 3491 880 3548 olim
892 3493 1045 3566 imperavit
1054 3495 1184 3566 turnus,

114 3586 225 3660 campis
230 3585 369 3660 pascitur,
376 3586 503 3644 nobilius
510 3595 644 3661 estquam
653 3584 734 3660 quod
741 3583 860 3658 privatis
866 3583 1033 3640 hominibus
1039 3586 1187 3661 mancipe-

115 3688 178 3733 tur.
189 3679 262 3748 Quia
272 3677 384 3735 scilicet
394 3677 516 3736 istorum
529 3681 750 3754 elephantorum
760 3677 892 3750 majores,
904 3695 964 3734 non
973 3677 1010 3734 ad
1020 3678 1090 3735 alios
1102 3699 1188 3755 quam
1254 3665 1257 3672 Δ

113 3771 263 3826 bellorum
272 3790 342 3828 usus
352 3771 499 3828 edacibus
511 3771 631 3843 nostris,
642 3772 770 3844 itemque
780 3769 934 3837 Annibale,
947 3779 976 3826 et
987 3771 1110 3845 Pyrrho,
1120 3775 1189 3833 Μο-

113 3863 262 3920 lassorum
272 3865 336 3941 regi
344 3905 352 3934 ,
361 3865 493 3921 solebant
502 3865 650 3934 adhiberi,
667 3883 756 3940 mum
769 3883 871 3920 eorum
883 3873 967 3941 tergo
980 3873 1075 3922 turres
1086 3867 1188 3925 militi—

1 3981 2 3988 ¹
113 3954 174 4012 bue
183 3955 292 4013 bellum
302 3957 425 4033 gestaris
432 3956 662 4033 imponerentur,
674 3977 706 4014 ac
715 3956 822 4014 medias
831 3956 861 4012 in
870 3956 944 4013 acies
952 3955 1187 4019 immitterentur.

1 4119 2 4146 ,
115 4047 180 4104 Sed
197 4049 342 4124 elephanti
355 4051 455 4107 Roma
470 4049 494 4105 si
512 4050 562 4125 qni
580 4069 657 4107 nunc
672 4060 780 4117 essent,
796 4047 930 4123 prolecto
944 4066 1005 4106 non
1021 4050 1188 4108 dubitarent

1 4155 2 4162 ¹
115 4139 233 4198 Novius
246 4151 276 4199 et
291 4141 390 4201 Hister
401 4141 540 4200 Pacarius
556 4143 671 4201 eosdem
686 4140 829 4198 adducere
843 4139 880 4198 ad
893 4139 1005 4215 altaria,
1017 4151 1046 4198 et
1057 4139 1120 4198 illos
1132 4161 1188 4219 pro
