3030 4984
343 464 519 533 SA'I'IRA
541 464 737 535 DECIMA
760 467 956 534 TERTIA.
1103 465 1160 532 151

102 579 286 668 Casariem,
301 597 336 650 et
351 583 486 655 madido
499 599 713 681 torquentem
729 607 858 655 cornua
871 582 984 654 cino?
1113 585 1162 640 ¹⁶⁵

104 691 224 785 Nempe
236 691 329 788 quod
341 694 414 764 haec
427 693 490 765 illis
507 710 626 766 natura
642 711 692 766 est
705 697 862 767 omuibus
877 717 955 766 uua.

100 800 282 870 ausanius
294 804 464 874 Thracum
478 804 631 876 volucres
648 809 838 904 nubemque
853 821 1009 878 sonoram

95 903 268 1004 'Pygmaeus
283 915 395 1006 parvis
410 917 516 983 currit
529 913 670 984 bellator
684 917 719 985 in
733 917 857 986 armis:

102 1021 176 1088 Mox
192 1022 303 1115 impar
318 1022 422 1112 lrosti,
439 1038 619 1119 raptusque
633 1047 695 1120 per
709 1047 785 1096 aera
798 1025 911 1094 curvis

101 1130 270 1226 Unguibus
286 1156 307 1200 a
324 1155 411 1203 saeva
427 1133 535 1205 fertur
550 1159 632 1231 grue
649 1161 657 1206 ε
677 1138 704 1207 si
722 1137 835 1206 videas
851 1137 918 1205 hoc
1113 1161 1165 1218 170

100 1240 259 1310 Gentibus
273 1243 309 1311 iu
323 1245 465 1330 nostris,
485 1247 554 1316 risu
567 1248 735 1343 quatiare;
750 1247 809 1316 sed
824 1243 908 1332 illic,

100 1346 307 1444 Quamquam
325 1354 440 1424 eadem
458 1357 587 1426 assidue
601 1371 795 1452 spectentur
808 1353 937 1452 praelia,
955 1352 1044 1423 ridet

99 1459 213 1547 Nemo,
234 1463 294 1532 ubi
312 1477 382 1532 tnta
399 1465 520 1536 coltors
538 1467 624 1561 pede
636 1490 706 1536 non
722 1480 771 1536 est
786 1465 885 1535 altior
900 1487 981 1534 uno.

138 1611 186 1623 -
196 1570 346 1642 Nullane
363 1576 490 1670 perjuri
508 1577 627 1670 capitis
643 1576 835 1673 fraudisque
850 1575 1001 1646 nefandae

98 1679 192 1749 Poena
203 1681 349 1750 eritl-
359 1687 549 1780 Abreptum
562 1688 660 1756 crede
675 1687 767 1756 hunc
781 1687 935 1782 graviore
947 1697 1068 1754 catena
1113 1695 1162 1766 ¹7⁵
1248 1771 1254 1780 ·

97 1789 271 1880 Proteum,
290 1808 323 1863 et
341 1811 457 1866 nostro
470 1798 575 1895 (quid
592 1797 667 1894 plus
682 1799 761 1869 velit
774 1794 866 1892 irai)
881 1795 992 1866 necari

96 1901 239 1971 Arbitrio
255 1929 263 1972 ε
284 1921 398 1976 manet
413 1905 467 1977 illa
480 1921 592 1979 tamen
603 1910 750 2004 jactura,
765 1933 827 1979 nec
841 1929 1002 2002 umquam

98 2011 289 2106 Depositum
302 2016 362 2085 tibi
375 2041 486 2113 sospes
499 2021 583 2089 erit:
598 2020 656 2090 sed
668 2043 811 2116 corpore
824 2034 947 2089 trunco

97 2119 257 2192 Invidiosa
272 2124 363 2195 dabit
378 2127 538 2198 minimus
552 2129 667 2199 solatia
680 2130 825 2224 sanguis.

97 2269 137 2282 —
147 2234 190 2302 At
202 2235 357 2305 vindicta
372 2237 499 2308 bonum
512 2239 580 2309 vita
594 2239 777 2334 jucundius
793 2241 912 2333 ipsa...
1111 2246 1160 2299 18⁰

95 2378 137 2397 -··
147 2345 282 2440 Nempe
296 2347 363 2417 hoc
378 2347 525 2437 indocti,
541 2373 686 2444 quorum
701 2347 889 2444 precordia
902 2343 1002 2413 nullis

95 2449 283 2540 Interdum,
300 2469 358 2523 aut
374 2453 505 2525 levibus
521 2456 634 2526 videas
649 2457 821 2552 flagrantia
836 2454 962 2523 causis:

4 2655 6 2666 7
93 2559 406 2659 Quantulacumque
419 2563 505 2634 aden
520 2579 569 2634 est
583 2567 733 2654 occasio,
747 2563 873 2634 sufficit
888 2565 956 2634 irae.

95 2726 163 2784 iniis
176 2731 349 2808 regionibus
362 2732 464 2790 usitata
477 2743 506 2791 et
519 2735 682 2792 communia
697 2745 765 2793 sunt
779 2733 920 2791 omnibus.
937 2729 1063 2802 Quando
1075 2747 1160 2806 grues

95 2815 193 2880 mern
216 2825 366 2902 unguibus
386 2825 417 2882 in
440 2827 588 2905 Pygmaeos
610 2846 627 2884 e
646 2827 768 2884 strenia
791 2837 925 2902 repente,
948 2826 1028 2882 velut
1054 2839 1159 2880 sonora

96 2913 190 2986 nubes,
210 2914 382 2985 incurrunt,
402 2917 444 2974 illi
462 2919 634 2994 pumiliones
653 2920 741 2978 aciem
758 2919 866 2976 scilieet
885 2919 1047 2986 instruunt,
1062 2927 1089 2972 et
1104 2933 1159 2989 pu-

94 3005 153 3066 sillis
166 3011 256 3068 arm'u
272 3013 477 3087 accinguntur3
493 3031 546 3072 nec
563 3014 723 3072 resistendo
736 3031 834 3088 pares,
849 3031 865 3068 a
879 3011 998 3088 gruibus
1012 3008 1092 3066 savis
1106 3025 1160 3083 per

96 3117 165 3159 suras
177 3103 305 3160 sublime
321 3105 482 3180 rapiuntur.
504 3107 568 3163 Hoc
581 3106 605 3162 si
618 3123 751 3164 cerneres
768 3105 799 3161 in
813 3104 906 3176 ltalia,
921 3102 1011 3160 risum
1026 3102 1160 3178 prolecto

97 3211 150 3252 non
160 3207 293 3254 teneres:
308 3197 386 3272 apud
397 3199 543 3275 Pygmaeos
554 3215 641 3270 vcro,
654 3197 785 3274 quamvis
792 3199 848 3255 hoc
859 3196 936 3254 idem
947 3197 1036 3272 vulgo
1047 3205 1159 3270 specte·

98 3295 143 3344 tar
155 3291 300 3365 praelium,
313 3293 423 3349 nemini
436 3311 467 3350 ea
484 3309 529 3350 res
541 3301 635 3350 umen
652 3293 741 3351 mum
752 3303 863 3364 moret,
878 3291 931 3348 ubi
944 3293 1041 3348 nullus
1053 3289 1083 3346 iu
1093 3299 1159 3348 roto

95 3383 217 3441 exercitu
234 3383 317 3442 miles
328 3384 412 3461 pedis
427 3385 512 3442 nnius
530 3403 694 3443 mensnram
709 3386 831 3444 excedit.
846 3387 1030 3462 -Ergone,
1045 3382 1156 3458 inquis,

93 3472 211 3533 inultam
224 3477 335 3534 crimen
348 3471 476 3553 perfidia
485 3489 515 3536 et
527 3477 636 3536 fraudu
648 3479 777 3536 nefande
790 3469 896 3536 amicus
911 3476 1002 3534 leret?
1017 3502 1055 3518 -·
1065 3476 1158 3550 Finge

94 3563 169 3624 illum
181 3569 278 3626 statim
290 3569 322 3626 iu
335 3580 442 3628 tetrum
456 3587 599 3628 carcerem
614 3571 736 3646 conjici,
751 3591 783 3629 ac
799 3583 849 3629 tuo
860 3571 1001 3628 arbitratu
1017 3567 1156 3637 interfici,

92 3657 260 3734 nihilenim,
270 3661 375 3733 credo,
386 3663 508 3739 amplius
515 3675 631 3741 expetet
639 3665 681 3722 ira
697 3675 745 3722 tua
754 3685 761 3720 ι
771 3683 831 3720 uon
840 3663 950 3720 idcirco
963 3673 1058 3717 tamen
1068 3657 1157 3734 depo·

93 3751 177 3809 situm
194 3755 246 3813 tibi
259 3765 342 3813 tunm
357 3757 540 3828 restituetur,
558 3775 652 3835 neque
665 3758 746 3814 illato
760 3756 865 3814 damno
883 3753 1025 3812 medicina
1041 3753 1081 3810 sic
1091 3750 1158 3823 liet,

92 3843 153 3905 leve
165 3847 304 3906 duntaxat
318 3849 451 3907 solatium
465 3861 495 3908 et
509 3849 626 3908 invidie
639 3851 772 3926 plenum,
788 3868 824 3906 ex
841 3848 901 3922 ejus
915 3860 1036 3906 cruento
1049 3858 1079 3905 et
1091 3863 1157 3903 mu·

95 3937 171 3996 tilato
190 3940 330 3998 cadavere
343 3940 473 4016 accipies.
494 3973 535 3985 —
554 3944 593 3998 At
609 3942 685 3999 enim
699 3941 783 3998 dulce
796 3950 840 3997 est
853 3933 963 4010 ulcisci,
981 3947 1010 3996 et
1025 3939 1083 3996 rita
1097 3937 1159 4015 ipse

4 4069 5 4072 η
94 4027 218 4090 dulciml
231 4063 273 4079 ·-
286 4033 430 4092 Nimirum
442 4033 481 4091 ita
491 4035 618 4092 sentinat
628 4034 760 4093 homines
770 4032 898 4110 imperiti
909 4049 943 4090 aa
956 4031 1087 4104 barbari,
1104 4032 1159 4108 qui

92 4125 167 4182 nulla
184 4138 232 4185 ant
247 4127 307 4185 levi
326 4128 363 4186 de
380 4147 476 4186 caussa
494 4129 640 4187 interdum
661 4127 763 4186 animis
783 4127 1007 4198 excandescant,
1031 4141 1157 4203 quorum

91 4215 154 4277 bilis
169 4219 215 4280 rel
234 4221 355 4284 minima
374 4224 524 4284 occasione
542 4224 573 4282 iu
593 4223 771 4286 iracundum
789 4233 817 4285 et
838 4221 968 4284 lusorem
986 4217 1155 4282 exardescit.
