3030 4984
312 364 378 440 248
590 356 633 428 D.
654 361 795 428 JUNII
815 363 833 427 J
841 361 1102 430 UVENALIS

242 515 248 530 »
311 477 503 564 Debueras,
519 473 573 562 pel
591 501 817 566 marmoreus,
833 477 886 546 vel
902 477 1069 548 aheneus?
1085 492 1144 546 aut
1160 501 1222 548 cur
1330 489 1384 548 nt

311 588 354 655 In
371 587 514 656 carbone
530 601 589 657 tuo
606 589 722 658 charta
740 590 795 682 pia
814 589 914 658 tbura
933 587 1040 658 soluta

313 697 493 784 Ponimus,
510 714 544 766 ct
558 714 685 768 sectum
700 697 797 767 vituli
810 699 919 791 jecur,
936 697 1076 793 albaque
1094 699 1188 793 porci

313 806 481 876 Omerita?
498 823 536 876 ut
548 808 665 893 video,
680 805 810 876 nullum
824 807 1004 878 discrimen
1017 807 1210 878 babendum
1223 821 1273 876 est
1327 861 1339 886 .

312 915 449 1010 Effigies
466 917 555 986 inter
565 933 710 1005 vestras,
726 933 936 1014 statuamque
948 915 1117 1014 vergelli.»

362 1029 505 1121 Accipe,
522 1053 596 1124 quae
612 1043 730 1096 contra
743 1026 850 1098 valeat
864 1027 979 1098 solatia
994 1028 1098 1115 ferre,
1332 1057 1383 1093 no

311 1139 357 1207 Et
373 1138 431 1232 qui
448 1161 510 1206 nec
526 1138 687 1232 Cynicos,
704 1161 768 1207 nec
781 1139 892 1208 Stoica
905 1138 1063 1232 dogmata
1076 1135 1157 1232 legit

310 1248 342 1316 A
354 1247 489 1340 Cynicis
503 1247 617 1317 tunica
630 1247 801 1333 distantia,
814 1273 884 1317 non
899 1248 1084 1342 Epicurum

311 1358 460 1451 Suspicit
474 1359 586 1454 exigui
600 1357 711 1428 laetum
728 1358 934 1453 plantaribus
951 1360 1054 1430 borti.

313 1470 485 1537 Cureutur
496 1467 590 1536 dubii
606 1466 745 1537 medicis
764 1467 948 1560 majoribus
966 1469 1066 1564 aegri3

312 1579 366 1646 Tu
377 1602 496 1648 venam
510 1577 562 1647 vel
577 1575 740 1672 discipulo
756 1578 928 1647 committe
941 1579 1099 1674 Philippi.
1332 1590 1380 1648 rat
1502 1609 1503 1650 i

312 1687 349 1758 Si
363 1687 495 1778 nullum
509 1689 546 1757 in
560 1689 654 1758 terris
668 1675 735 1757 tain
751 1686 944 1759 detestabile
956 1689 1083 1760 factum

312 1797 486 1885 Ostendis,
505 1814 618 1886 tace03
640 1823 705 1870 nec
719 1801 840 1894 pugnis
855 1800 982 1870 caedere
996 1815 1115 1894 pectus
1161 1849 1165 1854 -

311 1907 361 1974 Te
374 1921 467 1994 veto,
486 1932 549 1977 nec
565 1906 665 2002 plana
678 1907 796 1977 luciam
813 1910 1022 1979 contundere
1035 1907 1161 2004 palma,

312 2014 595 2112 Quandoquidem
611 2034 750 2111 accepto
765 2016 950 2088 claudenda
962 2036 1013 2089 est
1027 2021 1130 2113 janua
1144 2017 1288 2106 damno,

311 2127 357 2194 Et
371 2127 632 2219 majoredomus
645 2128 788 2225 gemitu,
808 2129 936 2221 majore
949 2128 1096 2198 tumultu
1330 2143 1381 2196 130
1502 2143 1503 2216 ζ

314 2232 527 2330 Planguntur
542 2239 655 2326 numi,
671 2261 771 2332 quam
786 2236 915 2308 lunera.
930 2241 1039 2310 Nemo
1053 2237 1204 2307 dolorem

310 2343 424 2440 'Fingit
436 2347 471 2414 in
487 2348 553 2417 boc
568 2373 662 2435 casu,
676 2327 803 2420 v'estem
816 2347 981 2418 deducere
999 2371 1161 2418 summam

310 2549 437 2612 rentem,
454 2559 508 2598 uec
522 2541 603 2598 labra
612 2541 726 2597 mores!
741 2549 770 2596 at
783 2539 865 2614 loqui
876 2548 905 2596 et
920 2541 1078 2596 exclamare
1089 2549 1185 2607 certe,
1201 2537 1270 2594 licet
1280 2555 1315 2593 ex
1326 2553 1381 2592 aere

310 2629 451 2688 conflatus
465 2643 515 2689 ant
526 2629 685 2703 marmore,
700 2631 856 2689 debueras:
871 2651 924 2688 cur
937 2649 1007 2708 ergo
1018 2631 1056 2689 ed
1065 2651 1127 2688 aras
1136 2629 1190 2688 tibi
1202 2639 1381 2687 consecratas

306 2723 365 2797 piis
380 2723 469 2782 effusa
486 2727 592 2783 chartis
605 2725 752 2782 adolemus
772 2725 872 2794 thura,
888 2741 941 2780 cur
951 2724 1037 2781 vituli
1056 2735 1137 2795 exta,
1150 2722 1285 2780 intestina
1297 2720 1381 2796 porci

309 2814 397 2871 obesa
409 2815 599 2886 immolamus,
609 2816 633 2872 si
641 2817 701 2872 haec
708 2815 798 2872 inulta
807 2815 933 2892 pateris?
942 2816 991 2874 Sic
1001 2827 1059 2888 est,
1068 2815 1141 2872 nibil
1149 2825 1251 2872 restrae
1256 2815 1381 2872 deorum

309 2915 408 2962 statuae
422 2927 440 2963 a
450 2907 573 2984 vagellii
583 2907 682 2965 statuis
696 2906 846 2964 differunt.
855 2933 870 2958 a

351 3017 416 3056 rao.
437 3002 480 3057 lta
493 3012 527 3058 tu
542 3001 660 3078 quidem
671 3002 797 3076 Superos
807 2999 918 3056 incusas
930 3021 937 3056 :
951 3000 1017 3056 audi
1026 2999 1153 3057 vicissim
1167 2997 1294 3056 rationes
1309 2995 1376 3072 qur*-

258 3093 259 3098 ’
307 3089 362 3145 bus
384 3100 465 3146 tuum
486 3093 574 3149 solari
593 3093 739 3162 dolorem,
760 3103 790 3148 et
810 3094 940 3167 querelas
962 3111 1143 3168 compescere
1162 3091 1291 3149 conabor
1305 3107 1378 3166 ego,

308 3181 360 3256 qui
373 3200 467 3256 neque
487 3184 661 3259 Cynicorum
680 3185 790 3243 scholas
807 3183 1006 3259 frequentavi,
1028 3203 1122 3259 neque
1143 3183 1256 3260 perlegi
1275 3182 1381 3258 placita

307 3272 491 3344 Stoicorum,
512 3293 586 3350 quos
606 3275 701 3332 tunica
717 3285 828 3332 tantum
848 3277 941 3335 forma
957 3277 1097 3353 disparet
1116 3275 1260 3334 dissimilis
1272 3275 1380 3333 duun-

286 3379 289 3384 ’
306 3365 397 3442 guita
410 3365 543 3442 Cynicis3
557 3385 652 3441 neque
663 3367 820 3442 Epicurum
829 3369 959 3428 admiror
973 3370 1101 3427 oleribus
1114 3369 1227 3428 hortuli
1239 3369 1284 3426 sui
1294 3368 1381 3424 victi-

289 3463 291 3468 '
307 3468 370 3514 tare
385 3455 512 3514 solitum.
533 3457 648 3534 AEgroti
664 3459 848 3535 gravioribus
861 3461 999 3538 implicati
1012 3457 1123 3520 morbis
1142 3463 1299 3519 adhibeant
1310 3431 1379 3516 saub

306 3551 434 3609 medicos
456 3552 692 3627 prestantiores:
718 3563 751 3610 tu
772 3555 868 3611 curari
887 3557 967 3612 vela
990 3555 1116 3630 Philippi
1136 3553 1277 3627 discipulo
1299 3564 1379 3608 reete

304 3643 405 3715 possis.
419 3643 451 3700 Si
464 3645 576 3701 nullum
590 3643 699 3702 facinus
715 3643 845 3702 interris
860 3646 942 3704 vides
957 3665 1022 3704 cum
1036 3647 1083 3702 illa
1097 3645 1141 3702 tui
1158 3642 1241 3699 amici
1254 3640 1379 3718 perfidia

306 3736 545 3808 comparandum,
557 3737 631 3793 nibil
645 3755 749 3794 saumae
764 3736 847 3804 dico.
862 3737 934 3813 quin
945 3738 1031 3795 dedas
1047 3745 1074 3793 te
1088 3734 1203 3814 penitus
1219 3733 1333 3803 dolori,
1349 3745 1378 3790 et

306 3836 408 3900 pectus
421 3845 454 3884 ac
467 3831 581 3886 vultum
592 3841 715 3905 utraque
727 3847 815 3886 mauu
826 3829 968 3905 percutias
979 3848 1011 3885 ac
1025 3826 1158 3896 dilanies3
1173 3824 1247 3900 quin
1255 3825 1375 3882 domun

304 3930 386 3976 tuam
406 3921 552 3992 occludas,
572 3931 606 3977 nt
623 3921 656 3978 m
676 3924 708 3978 iu
725 3941 838 3980 summo
855 3922 936 3978 luctu
952 3932 981 3977 et
1001 3918 1150 3976 funeribus
1170 3928 1321 3994 parentum
1341 3935 1375 3974 ac

305 4011 557 4086 propinquorum,
573 4031 635 4087 quse
649 4013 743 4070 minus
756 4015 876 4070 moleste
888 4011 1072 4090 graviterque
1086 4010 1208 4081 toleras,
1224 4027 1376 4084 quam-pe-

307 4102 397 4160 cuuiae
406 4103 564 4178 jacturam
577 4105 638 4162 baec
648 4105 722 4162 enim
733 4125 794 4168 nou
805 4106 937 4169 simulato
948 4123 1071 4163 moerore
1080 4101 1283 4177 defletumuon
1295 4111 1376 4158 reste
