<?xml version="1.0" encoding="UTF-8"?>
<!DOCTYPE html PUBLIC "-//W3C//DTD XHTML 1.0 Transitional//EN"
    "http://www.w3.org/TR/xhtml1/DTD/xhtml1-transitional.dtd">
<html xmlns="http://www.w3.org/1999/xhtml" xml:lang="en" lang="en">
 <head>
  <title>
</title>
<meta http-equiv="Content-Type" content="text/html;charset=utf-8" />
  <meta name='ocr-system' content='tesseract 3.04.00' />
  <meta name='ocr-capabilities' content='ocr_page ocr_carea ocr_par ocr_line ocrx_word'/>
</head>
<body>
  <div class='ocr_page' id='page_1' title='image "./sexdecimsatir02lemagoog_0138.png"; bbox 0 0 3036 4984; ppageno 0'>
   <div class='ocr_carea' id='block_1_1' title="bbox 314 347 1134 490">
    <p class='ocr_par' dir='ltr' id='par_1_1' title="bbox 314 347 1134 490">
     <span class='ocr_line' id='line_1_1' title="bbox 314 347 1134 490; baseline 0.005 -36"><span class='ocrx_word' id='word_1_1' title='bbox 314 390 366 454; x_wconf 79' lang='lat' dir='ltr'><strong>ra</strong></span> <span class='ocrx_word' id='word_1_2' title='bbox 390 389 890 455; x_wconf 75' lang='lat' dir='ltr'><strong>sarraannnmnaar.</strong></span> <span class='ocrx_word' id='word_1_3' title='bbox 926 347 931 358; x_wconf 72' lang='grc'>’</span> <span class='ocrx_word' id='word_1_4' title='bbox 1029 384 1032 389; x_wconf 85' lang='grc'><strong><em>·</em></strong></span> <span class='ocrx_word' id='word_1_5' title='bbox 1072 417 1134 490; x_wconf 86' lang='lat'><strong>129</strong></span> 
     </span>
    </p>
   </div>
   <div class='ocr_carea' id='block_1_2' title="bbox 89 501 1142 1324">
    <p class='ocr_par' dir='ltr' id='par_1_2' title="bbox 89 501 1142 1324">
     <span class='ocr_line' id='line_1_2' title="bbox 91 501 1134 574; baseline 0.005 -18"><span class='ocrx_word' id='word_1_6' title='bbox 91 501 190 574; x_wconf 72' lang='lat' dir='ltr'><strong>plebea,</strong></span> <span class='ocrx_word' id='word_1_7' title='bbox 201 501 243 556; x_wconf 85' lang='lat' dir='ltr'><strong>rel</strong></span> <span class='ocrx_word' id='word_1_8' title='bbox 252 502 300 556; x_wconf 89' lang='lat' dir='ltr'><strong>illa</strong></span> <span class='ocrx_word' id='word_1_9' title='bbox 309 501 428 556; x_wconf 79' lang='lat' dir='ltr'><strong>liberalia</strong></span> <span class='ocrx_word' id='word_1_10' title='bbox 437 521 469 554; x_wconf 88' lang='lat' dir='ltr'><strong>ac</strong></span> <span class='ocrx_word' id='word_1_11' title='bbox 478 501 606 573; x_wconf 83' lang='lat' dir='ltr'><strong>prodiga,</strong></span> <span class='ocrx_word' id='word_1_12' title='bbox 618 503 709 554; x_wconf 81' lang='lat' dir='ltr'><strong>ethaeo</strong></span> <span class='ocrx_word' id='word_1_13' title='bbox 721 519 801 554; x_wconf 85' lang='lat' dir='ltr'><strong>avara</strong></span> <span class='ocrx_word' id='word_1_14' title='bbox 810 523 818 566; x_wconf 91' lang='lat'>;</span> <span class='ocrx_word' id='word_1_15' title='bbox 828 504 870 555; x_wconf 84' lang='lat' dir='ltr'><strong>rel</strong></span> <span class='ocrx_word' id='word_1_16' title='bbox 881 501 995 574; x_wconf 90' lang='lat' dir='ltr'><strong>denique</strong></span> <span class='ocrx_word' id='word_1_17' title='bbox 1005 505 1050 558; x_wconf 87' lang='lat' dir='ltr'><strong>illa</strong></span> <span class='ocrx_word' id='word_1_18' title='bbox 1059 505 1134 561; x_wconf 87' lang='lat' dir='ltr'><strong>divea</strong></span> 
     </span>
     <span class='ocr_line' id='line_1_3' title="bbox 92 587 1138 662; baseline 0.003 -22"><span class='ocrx_word' id='word_1_19' title='bbox 92 599 114 640; x_wconf 88' lang='lat' dir='ltr'><strong>et</strong></span> <span class='ocrx_word' id='word_1_20' title='bbox 124 587 171 640; x_wconf 77' lang='lat' dir='ltr'><strong>bec</strong></span> <span class='ocrx_word' id='word_1_21' title='bbox 184 605 294 660; x_wconf 86' lang='lat' dir='ltr'><strong>pauper.</strong></span> <span class='ocrx_word' id='word_1_22' title='bbox 312 589 383 640; x_wconf 88' lang='lat' dir='ltr'><strong>Nota</strong></span> <span class='ocrx_word' id='word_1_23' title='bbox 396 587 462 640; x_wconf 80' lang='lat' dir='ltr'><strong>ach.</strong></span> <span class='ocrx_word' id='word_1_24' title='bbox 476 598 529 638; x_wconf 83' lang='lat' dir='ltr'><strong>eet:</strong></span> <span class='ocrx_word' id='word_1_25' title='bbox 540 588 598 662; x_wconf 74' lang='lat' dir='ltr'><strong>«Sic</strong></span> <span class='ocrx_word' id='word_1_26' title='bbox 612 603 703 638; x_wconf 89' lang='lat' dir='ltr'><strong>omnea</strong></span> <span class='ocrx_word' id='word_1_27' title='bbox 714 587 882 657; x_wconf 65' lang='lat' dir='ltr'><strong>interpretem</strong></span> <span class='ocrx_word' id='word_1_28' title='bbox 893 606 942 657; x_wconf 80' lang='lat' dir='ltr'><strong>ego</strong></span> <span class='ocrx_word' id='word_1_29' title='bbox 954 607 1017 640; x_wconf 83' lang='lat' dir='ltr'><strong>vcro</strong></span> <span class='ocrx_word' id='word_1_30' title='bbox 1030 609 1138 643; x_wconf 76' lang='lat' dir='ltr'><strong>tensum</strong></span> 
     </span>
     <span class='ocr_line' id='line_1_4' title="bbox 92 668 1137 742; baseline 0.005 -21"><span class='ocrx_word' id='word_1_31' title='bbox 92 671 164 721; x_wconf 87' lang='lat' dir='ltr'><strong>malta</strong></span> <span class='ocrx_word' id='word_1_32' title='bbox 175 673 257 742; x_wconf 81' lang='lat' dir='ltr'><strong>magis</strong></span> <span class='ocrx_word' id='word_1_33' title='bbox 266 671 402 725; x_wconf 74' lang='lat' dir='ltr'><strong>satiricum</strong></span> <span class='ocrx_word' id='word_1_34' title='bbox 413 670 493 740; x_wconf 87' lang='lat' dir='ltr'><strong>hujue</strong></span> <span class='ocrx_word' id='word_1_35' title='bbox 507 668 560 720; x_wconf 88' lang='lat' dir='ltr'><strong>loci</strong></span> <span class='ocrx_word' id='word_1_36' title='bbox 569 670 661 738; x_wconf 87' lang='lat' dir='ltr'><strong>aperio</strong></span> <span class='ocrx_word' id='word_1_37' title='bbox 672 688 678 720; x_wconf 94' lang='lat'><strong>:</strong></span> <span class='ocrx_word' id='word_1_38' title='bbox 690 669 791 721; x_wconf 75' lang='lat' dir='ltr'><strong>scilicet</strong></span> <span class='ocrx_word' id='word_1_39' title='bbox 804 672 915 730; x_wconf 79' lang='lat' dir='ltr'><strong>Catulla,</strong></span> <span class='ocrx_word' id='word_1_40' title='bbox 926 673 1020 724; x_wconf 89' lang='lat' dir='ltr'><strong>mulier</strong></span> <span class='ocrx_word' id='word_1_41' title='bbox 1029 673 1137 726; x_wconf 82' lang='lat' dir='ltr'><strong>inlamie</strong></span> 
     </span>
     <span class='ocr_line' id='line_1_5' title="bbox 91 752 1138 826; baseline 0.004 -21"><span class='ocrx_word' id='word_1_42' title='bbox 91 767 111 805; x_wconf 85' lang='lat' dir='ltr'><strong>et</strong></span> <span class='ocrx_word' id='word_1_43' title='bbox 120 755 246 826; x_wconf 87' lang='lat' dir='ltr'><strong>impudica</strong></span> <span class='ocrx_word' id='word_1_44' title='bbox 258 759 396 820; x_wconf 73' lang='lat' dir='ltr'><strong>(Iibern&#39;ae,</strong></span> <span class='ocrx_word' id='word_1_45' title='bbox 410 755 557 821; x_wconf 64' lang='lat' dir='ltr'><strong>effrenae),</strong></span> <span class='ocrx_word' id='word_1_46' title='bbox 573 769 632 822; x_wconf 81' lang='lat' dir='ltr'><strong>quae</strong></span> <span class='ocrx_word' id='word_1_47' title='bbox 646 752 753 823; x_wconf 89' lang='lat' dir='ltr'><strong>publice</strong></span> <span class='ocrx_word' id='word_1_48' title='bbox 768 753 914 804; x_wconf 76' lang='lat' dir='ltr'><strong>notabatur</strong></span> <span class='ocrx_word' id='word_1_49' title='bbox 923 753 1002 822; x_wconf 86' lang='lat' dir='ltr'><strong>(vide</strong></span> <span class='ocrx_word' id='word_1_50' title='bbox 1020 755 1138 809; x_wconf 83' lang='lat' dir='ltr'><strong>Martial.</strong></span> 
     </span>
     <span class='ocr_line' id='line_1_6' title="bbox 91 835 1138 908; baseline 0.003 -21"><span class='ocrx_word' id='word_1_51' title='bbox 91 837 162 898; x_wconf 87' lang='lat' dir='ltr'><strong>lllll,</strong></span> <span class='ocrx_word' id='word_1_52' title='bbox 176 839 220 901; x_wconf 72' lang='lat'><strong>533</strong></span> <span class='ocrx_word' id='word_1_53' title='bbox 233 848 260 890; x_wconf 85' lang='lat' dir='ltr'><strong>et</strong></span> <span class='ocrx_word' id='word_1_54' title='bbox 271 853 352 908; x_wconf 86' lang='lat' dir='ltr'><strong>enpra</strong></span> <span class='ocrx_word' id='word_1_55' title='bbox 364 836 398 888; x_wconf 89' lang='lat' dir='ltr'><strong>ad</strong></span> <span class='ocrx_word' id='word_1_56' title='bbox 410 836 451 896; x_wconf 91' lang='lat' dir='ltr'><strong>ll,</strong></span> <span class='ocrx_word' id='word_1_57' title='bbox 467 839 500 900; x_wconf 68' lang='lat'><strong>49</strong></span> <span class='ocrx_word' id='word_1_58' title='bbox 509 841 533 904; x_wconf 88' lang='lat'><strong>);</strong></span> <span class='ocrx_word' id='word_1_59' title='bbox 548 838 644 904; x_wconf 79' lang='lat' dir='ltr'><strong>Oppio,</strong></span> <span class='ocrx_word' id='word_1_60' title='bbox 658 835 755 886; x_wconf 89' lang='lat' dir='ltr'><strong>mulier</strong></span> <span class='ocrx_word' id='word_1_61' title='bbox 767 835 884 887; x_wconf 86' lang='lat' dir='ltr'><strong>lormoaa</strong></span> <span class='ocrx_word' id='word_1_62' title='bbox 897 849 923 887; x_wconf 88' lang='lat' dir='ltr'><strong>et</strong></span> <span class='ocrx_word' id='word_1_63' title='bbox 933 835 1031 907; x_wconf 85' lang='lat' dir='ltr'><strong>pudica</strong></span> <span class='ocrx_word' id='word_1_64' title='bbox 1041 841 1138 906; x_wconf 85' lang='lat' dir='ltr'><strong>(prode</strong></span> 
     </span>
     <span class='ocr_line' id='line_1_7' title="bbox 90 917 1139 994; baseline 0.005 -24"><span class='ocrx_word' id='word_1_65' title='bbox 90 922 204 988; x_wconf 73' lang='lat' dir='ltr'><strong>oleeie).</strong></span> <span class='ocrx_word' id='word_1_66' title='bbox 216 922 311 980; x_wconf 87' lang='lat' dir='ltr'><strong>Porro,</strong></span> <span class='ocrx_word' id='word_1_67' title='bbox 322 937 405 990; x_wconf 85' lang='lat' dir='ltr'><strong>quum</strong></span> <span class='ocrx_word' id='word_1_68' title='bbox 417 918 477 970; x_wconf 80' lang='lat' dir='ltr'><strong>illas</strong></span> <span class='ocrx_word' id='word_1_69' title='bbox 486 929 563 989; x_wconf 88' lang='lat' dir='ltr'><strong>poeta</strong></span> <span class='ocrx_word' id='word_1_70' title='bbox 571 918 741 988; x_wconf 81' lang='lat' dir='ltr'><strong>opposuerit,</strong></span> <span class='ocrx_word' id='word_1_71' title='bbox 750 917 778 970; x_wconf 92' lang='lat' dir='ltr'><strong>in</strong></span> <span class='ocrx_word' id='word_1_72' title='bbox 790 919 879 970; x_wconf 83' lang='lat' dir='ltr'><strong>auimo</strong></span> <span class='ocrx_word' id='word_1_73' title='bbox 886 919 909 970; x_wconf 88' lang='lat' dir='ltr'><strong>ei</strong></span> <span class='ocrx_word' id='word_1_74' title='bbox 919 919 999 972; x_wconf 82' lang='lat' dir='ltr'><strong>luiaee</strong></span> <span class='ocrx_word' id='word_1_75' title='bbox 1009 921 1139 994; x_wconf 72' lang='lat' dir='ltr'><strong>auspicor,</strong></span> 
     </span>
     <span class='ocr_line' id='line_1_8' title="bbox 90 1000 1139 1076; baseline 0.002 -22"><span class='ocrx_word' id='word_1_76' title='bbox 90 1023 168 1056; x_wconf 79' lang='lat' dir='ltr'><strong>ennea</strong></span> <span class='ocrx_word' id='word_1_77' title='bbox 181 1003 290 1056; x_wconf 82' lang='lat' dir='ltr'><strong>feminae</strong></span> <span class='ocrx_word' id='word_1_78' title='bbox 304 1001 478 1073; x_wconf 83' lang='lat' dir='ltr'><strong>impudicitiae</strong></span> <span class='ocrx_word' id='word_1_79' title='bbox 490 1001 669 1052; x_wconf 74' lang='lat' dir='ltr'><strong>insimulare·</strong></span> <span class='ocrx_word' id='word_1_80' title='bbox 681 1003 756 1050; x_wconf 83' lang='lat' dir='ltr'><strong>Casta</strong></span> <span class='ocrx_word' id='word_1_81' title='bbox 769 1012 854 1052; x_wconf 88' lang='lat' dir='ltr'><strong>tamea</strong></span> <span class='ocrx_word' id='word_1_82' title='bbox 870 1000 965 1054; x_wconf 87' lang='lat' dir='ltr'><strong>mulier</strong></span> <span class='ocrx_word' id='word_1_83' title='bbox 974 1020 1068 1072; x_wconf 90' lang='lat' dir='ltr'><strong>parum</strong></span> <span class='ocrx_word' id='word_1_84' title='bbox 1077 1015 1139 1076; x_wconf 90' lang='lat' dir='ltr'><strong>apte</strong></span> 
     </span>
     <span class='ocr_line' id='line_1_9' title="bbox 89 1083 1140 1156; baseline 0.003 -19"><span class='ocrx_word' id='word_1_85' title='bbox 89 1087 131 1138; x_wconf 86' lang='lat' dir='ltr'><strong>boe</strong></span> <span class='ocrx_word' id='word_1_86' title='bbox 143 1087 198 1138; x_wconf 89' lang='lat' dir='ltr'><strong>loco</strong></span> <span class='ocrx_word' id='word_1_87' title='bbox 210 1087 352 1138; x_wconf 87' lang='lat' dir='ltr'><strong>memorari</strong></span> <span class='ocrx_word' id='word_1_88' title='bbox 365 1083 478 1137; x_wconf 76' lang='lat' dir='ltr'><strong>ridetur.</strong></span> <span class='ocrx_word' id='word_1_89' title='bbox 494 1087 574 1152; x_wconf 80' lang='lat' dir='ltr'><strong>Oppia</strong></span> <span class='ocrx_word' id='word_1_90' title='bbox 585 1085 676 1136; x_wconf 79' lang='lat' dir='ltr'><strong>forsan</strong></span> <span class='ocrx_word' id='word_1_91' title='bbox 688 1084 739 1138; x_wconf 91' lang='lat' dir='ltr'><strong>boc</strong></span> <span class='ocrx_word' id='word_1_92' title='bbox 751 1084 812 1136; x_wconf 89' lang='lat' dir='ltr'><strong>loco</strong></span> <span class='ocrx_word' id='word_1_93' title='bbox 823 1103 918 1137; x_wconf 87' lang='lat' dir='ltr'><strong>nomen</strong></span> <span class='ocrx_word' id='word_1_94' title='bbox 929 1085 1140 1156; x_wconf 73' lang='lat' dir='ltr'><strong>deformissime,</strong></span> 
     </span>
     <span class='ocr_line' id='line_1_10' title="bbox 91 1168 1142 1240; baseline 0.004 -20"><span class='ocrx_word' id='word_1_95' title='bbox 91 1181 112 1220; x_wconf 86' lang='lat' dir='ltr'><strong>et</strong></span> <span class='ocrx_word' id='word_1_96' title='bbox 126 1171 215 1220; x_wconf 71' lang='lat' dir='ltr'><strong>coola</strong></span> <span class='ocrx_word' id='word_1_97' title='bbox 229 1168 425 1221; x_wconf 68' lang='lat' dir='ltr'><strong>formosissime</strong></span> <span class='ocrx_word' id='word_1_98' title='bbox 442 1168 568 1221; x_wconf 75' lang='lat' dir='ltr'><strong>mulieris.</strong></span> <span class='ocrx_word' id='word_1_99' title='bbox 585 1171 682 1220; x_wconf 76' lang='lat' dir='ltr'><strong>canella</strong></span> <span class='ocrx_word' id='word_1_100' title='bbox 700 1179 786 1230; x_wconf 88' lang='lat' dir='ltr'><strong>certe,</strong></span> <span class='ocrx_word' id='word_1_101' title='bbox 801 1171 878 1240; x_wconf 84' lang='lat' dir='ltr'><strong>cujus</strong></span> <span class='ocrx_word' id='word_1_102' title='bbox 900 1171 1063 1224; x_wconf 81' lang='lat' dir='ltr'><strong>mentionem</strong></span> <span class='ocrx_word' id='word_1_103' title='bbox 1075 1171 1142 1226; x_wconf 83' lang='lat' dir='ltr'><strong>lacit</strong></span> 
     </span>
     <span class='ocr_line' id='line_1_11' title="bbox 92 1248 944 1324; baseline 0.002 -20"><span class='ocrx_word' id='word_1_104' title='bbox 92 1252 207 1314; x_wconf 71' lang='lat' dir='ltr'><strong>Martialis</strong></span> <span class='ocrx_word' id='word_1_105' title='bbox 219 1251 303 1317; x_wconf 82' lang='lat' dir='ltr'><strong>vm,</strong></span> <span class='ocrx_word' id='word_1_106' title='bbox 317 1253 364 1316; x_wconf 79' lang='lat'><strong>53,</strong></span> <span class='ocrx_word' id='word_1_107' title='bbox 377 1264 404 1304; x_wconf 89' lang='lat' dir='ltr'><strong>et</strong></span> <span class='ocrx_word' id='word_1_108' title='bbox 417 1251 608 1305; x_wconf 82' lang='lat' dir='ltr'><strong>lormoaiaeima</strong></span> <span class='ocrx_word' id='word_1_109' title='bbox 625 1252 675 1304; x_wconf 87' lang='lat' dir='ltr'><strong>luit</strong></span> <span class='ocrx_word' id='word_1_110' title='bbox 686 1263 712 1304; x_wconf 89' lang='lat' dir='ltr'><strong>et</strong></span> <span class='ocrx_word' id='word_1_111' title='bbox 726 1248 944 1324; x_wconf 75' lang='lat' dir='ltr'><strong>impudicissime.</strong></span> 
     </span>
    </p>
   </div>
   <div class='ocr_carea' id='block_1_3' title="bbox 91 1389 1192 1727">
    <p class='ocr_par' dir='ltr' id='par_1_3' title="bbox 91 1389 1192 1727">
     <span class='ocr_line' id='line_1_12' title="bbox 117 1389 1140 1474; baseline 0.005 -19"><span class='ocrx_word' id='word_1_112' title='bbox 117 1412 174 1458; x_wconf 70' lang='lat' dir='ltr'><strong>Via.</strong></span> <span class='ocrx_word' id='word_1_113' title='bbox 194 1409 254 1458; x_wconf 74' lang='lat'><strong>32³.</strong></span> <span class='ocrx_word' id='word_1_114' title='bbox 275 1410 358 1458; x_wconf 83' lang='lat' dir='ltr'><strong>Comes</strong></span> <span class='ocrx_word' id='word_1_115' title='bbox 373 1389 432 1457; x_wconf 87' lang='lat' dir='ltr'><strong>olim</strong></span> <span class='ocrx_word' id='word_1_116' title='bbox 444 1425 491 1474; x_wconf 91' lang='lat' dir='ltr'><strong>pro</strong></span> <span class='ocrx_word' id='word_1_117' title='bbox 504 1419 566 1458; x_wconf 83' lang='lat' dir='ltr'><strong>totos</strong></span> <span class='ocrx_word' id='word_1_118' title='bbox 580 1409 709 1474; x_wconf 71' lang='lat' dir='ltr'><strong>legendum</strong></span> <span class='ocrx_word' id='word_1_119' title='bbox 725 1409 839 1472; x_wconf 85' lang='lat' dir='ltr'><strong>putabam</strong></span> <span class='ocrx_word' id='word_1_120' title='bbox 858 1409 907 1458; x_wconf 87' lang='lat' dir='ltr'><strong>bne</strong></span> <span class='ocrx_word' id='word_1_121' title='bbox 923 1425 1014 1462; x_wconf 74' lang='lat' dir='ltr'><strong>aenrut</strong></span> <span class='ocrx_word' id='word_1_122' title='bbox 1025 1411 1140 1471; x_wconf 75' lang='lat' dir='ltr'><strong>deterior,</strong></span> 
     </span>
     <span class='ocr_line' id='line_1_13' title="bbox 92 1477 1192 1560; baseline 0.005 -22"><span class='ocrx_word' id='word_1_123' title='bbox 92 1491 153 1551; x_wconf 87' lang='lat' dir='ltr'><strong>nala,</strong></span> <span class='ocrx_word' id='word_1_124' title='bbox 163 1491 300 1555; x_wconf 85' lang='lat' dir='ltr'><strong>impudica,</strong></span> <span class='ocrx_word' id='word_1_125' title='bbox 306 1490 405 1558; x_wconf 76' lang='lat' dir='ltr'><strong>fimiaa</strong></span> <span class='ocrx_word' id='word_1_126' title='bbox 418 1491 483 1551; x_wconf 87' lang='lat' dir='ltr'><strong>illic,</strong></span> <span class='ocrx_word' id='word_1_127' title='bbox 497 1492 523 1538; x_wconf 90' lang='lat' dir='ltr'><strong>in</strong></span> <span class='ocrx_word' id='word_1_128' title='bbox 536 1508 562 1539; x_wconf 88' lang='lat' dir='ltr'><strong>re</strong></span> <span class='ocrx_word' id='word_1_129' title='bbox 576 1493 699 1552; x_wconf 84' lang='lat' dir='ltr'><strong>Venerea,</strong></span> <span class='ocrx_word' id='word_1_130' title='bbox 712 1491 787 1540; x_wconf 80' lang='lat' dir='ltr'><strong>babet</strong></span> <span class='ocrx_word' id='word_1_131' title='bbox 799 1507 878 1540; x_wconf 82' lang='lat' dir='ltr'><strong>eomes</strong></span> <span class='ocrx_word' id='word_1_132' title='bbox 894 1509 984 1552; x_wconf 74' lang='lat' dir='ltr'><strong>enarer,</strong></span> <span class='ocrx_word' id='word_1_133' title='bbox 993 1509 1063 1542; x_wconf 89' lang='lat' dir='ltr'><strong>come</strong></span> <span class='ocrx_word' id='word_1_134' title='bbox 1074 1495 1141 1560; x_wconf 76' lang='lat' dir='ltr'><strong>inge·</strong></span> <span class='ocrx_word' id='word_1_135' title='bbox 1171 1477 1192 1556; x_wconf 49' lang='grc' dir='ltr'>ί</span> 
     </span>
     <span class='ocr_line' id='line_1_14' title="bbox 91 1573 1142 1642; baseline 0.007 -22"><span class='ocrx_word' id='word_1_136' title='bbox 91 1576 158 1632; x_wconf 69' lang='lat' dir='ltr'><strong>aiam</strong></span> <span class='ocrx_word' id='word_1_137' title='bbox 173 1590 266 1622; x_wconf 74' lang='lat' dir='ltr'><strong>summa</strong></span> <span class='ocrx_word' id='word_1_138' title='bbox 276 1576 391 1622; x_wconf 83' lang='lat' dir='ltr'><strong>comitate</strong></span> <span class='ocrx_word' id='word_1_139' title='bbox 401 1589 429 1622; x_wconf 88' lang='lat' dir='ltr'><strong>ae</strong></span> <span class='ocrx_word' id='word_1_140' title='bbox 441 1573 583 1620; x_wconf 89' lang='lat' dir='ltr'><strong>liberalitate</strong></span> <span class='ocrx_word' id='word_1_141' title='bbox 594 1573 689 1622; x_wconf 76' lang='lat' dir='ltr'><strong>allicere</strong></span> <span class='ocrx_word' id='word_1_142' title='bbox 703 1573 763 1622; x_wconf 87' lang='lat' dir='ltr'><strong>aolet</strong></span> <span class='ocrx_word' id='word_1_143' title='bbox 774 1575 839 1622; x_wconf 79' lang='lat' dir='ltr'><strong>viror</strong></span> <span class='ocrx_word' id='word_1_144' title='bbox 849 1590 878 1623; x_wconf 89' lang='lat' dir='ltr'><strong>ae</strong></span> <span class='ocrx_word' id='word_1_145' title='bbox 888 1574 1005 1624; x_wconf 80' lang='lat' dir='ltr'><strong>delenire.</strong></span> <span class='ocrx_word' id='word_1_146' title='bbox 1018 1577 1066 1624; x_wconf 85' lang='lat' dir='ltr'><strong>Sed</strong></span> <span class='ocrx_word' id='word_1_147' title='bbox 1079 1593 1142 1642; x_wconf 88' lang='lat' dir='ltr'><strong>prae-</strong></span> 
     </span>
     <span class='ocr_line' id='line_1_15' title="bbox 91 1655 1142 1727; baseline 0.006 -23"><span class='ocrx_word' id='word_1_148' title='bbox 91 1655 175 1704; x_wconf 82' lang='lat' dir='ltr'><strong>ferenda</strong></span> <span class='ocrx_word' id='word_1_149' title='bbox 187 1673 255 1705; x_wconf 85' lang='lat' dir='ltr'><strong>nnnc</strong></span> <span class='ocrx_word' id='word_1_150' title='bbox 270 1657 331 1704; x_wconf 79' lang='lat' dir='ltr'><strong>mini</strong></span> <span class='ocrx_word' id='word_1_151' title='bbox 344 1656 441 1704; x_wconf 85' lang='lat' dir='ltr'><strong>ridetur</strong></span> <span class='ocrx_word' id='word_1_152' title='bbox 451 1655 590 1704; x_wconf 84' lang='lat' dir='ltr'><strong>emendatio</strong></span> <span class='ocrx_word' id='word_1_153' title='bbox 600 1659 630 1704; x_wconf 89' lang='lat' dir='ltr'><strong>ll.</strong></span> <span class='ocrx_word' id='word_1_154' title='bbox 640 1657 746 1706; x_wconf 79' lang='lat' dir='ltr'><strong>Valerii:</strong></span> <span class='ocrx_word' id='word_1_155' title='bbox 756 1657 870 1706; x_wconf 77' lang='lat' dir='ltr'><strong>Deterior</strong></span> <span class='ocrx_word' id='word_1_156' title='bbox 881 1669 941 1706; x_wconf 83' lang='lat' dir='ltr'><strong>totos</strong></span> <span class='ocrx_word' id='word_1_157' title='bbox 955 1657 1142 1727; x_wconf 63' lang='lat' dir='ltr'><strong>interiorem</strong></span> 
     </span>
    </p>
   </div>
   <div class='ocr_carea' id='block_1_4' title="bbox 91 1737 1143 1872">
    <p class='ocr_par' dir='ltr' id='par_1_4' title="bbox 91 1737 1143 1872">
     <span class='ocr_line' id='line_1_16' title="bbox 91 1737 1143 1804; baseline 0.007 -19"><span class='ocrx_word' id='word_1_158' title='bbox 91 1739 137 1785; x_wconf 78' lang='lat' dir='ltr'><strong>odia</strong></span> <span class='ocrx_word' id='word_1_159' title='bbox 153 1749 175 1786; x_wconf 90' lang='lat' dir='ltr'><strong>et</strong></span> <span class='ocrx_word' id='word_1_160' title='bbox 188 1737 340 1800; x_wconf 77' lang='lat' dir='ltr'><strong>juvenilibua</strong></span> <span class='ocrx_word' id='word_1_161' title='bbox 353 1738 498 1804; x_wconf 69' lang='lat' dir='ltr'><strong>inguinibus</strong></span> <span class='ocrx_word' id='word_1_162' title='bbox 512 1738 550 1786; x_wconf 77' lang='lat' dir='ltr'><strong>rel</strong></span> <span class='ocrx_word' id='word_1_163' title='bbox 568 1738 682 1788; x_wconf 70' lang='lat' dir='ltr'><strong>mentulis</strong></span> <span class='ocrx_word' id='word_1_164' title='bbox 694 1739 704 1802; x_wconf 93' lang='lat'><em>)</em></span> <span class='ocrx_word' id='word_1_165' title='bbox 713 1737 813 1804; x_wconf 81' lang='lat' dir='ltr'><strong>femina</strong></span> <span class='ocrx_word' id='word_1_166' title='bbox 830 1755 933 1790; x_wconf 80' lang='lat' dir='ltr'><strong>amores.</strong></span> <span class='ocrx_word' id='word_1_167' title='bbox 953 1740 1044 1790; x_wconf 80' lang='lat' dir='ltr'><strong>Confer</strong></span> <span class='ocrx_word' id='word_1_168' title='bbox 1061 1753 1143 1792; x_wconf 84' lang='lat' dir='ltr'><strong>tamen</strong></span> 
     </span>
     <span class='ocr_line' id='line_1_17' title="bbox 91 1824 213 1872; baseline -0.008 0"><span class='ocrx_word' id='word_1_169' title='bbox 91 1824 213 1872; x_wconf 70' lang='lat' dir='ltr'><strong>(ennena.</strong></span> 
     </span>
    </p>
   </div>
   <div class='ocr_carea' id='block_1_5' title="bbox 91 1913 1145 2074">
    <p class='ocr_par' dir='ltr' id='par_1_5' title="bbox 91 1913 1145 2074">
     <span class='ocr_line' id='line_1_18' title="bbox 121 1913 1144 1993; baseline 0.008 -27"><span class='ocrx_word' id='word_1_170' title='bbox 121 1915 183 1966; x_wconf 84' lang='lat' dir='ltr'><strong>Nur.</strong></span> <span class='ocrx_word' id='word_1_171' title='bbox 200 1915 262 1968; x_wconf 76' lang='lat'><strong>323.</strong></span> <span class='ocrx_word' id='word_1_172' title='bbox 282 1913 317 1967; x_wconf 90' lang='lat' dir='ltr'><strong>ld</strong></span> <span class='ocrx_word' id='word_1_173' title='bbox 337 1915 402 1970; x_wconf 78' lang='lat' dir='ltr'><strong>ach.</strong></span> <span class='ocrx_word' id='word_1_174' title='bbox 423 1917 459 1968; x_wconf 90' lang='lat' dir='ltr'><strong>ita</strong></span> <span class='ocrx_word' id='word_1_175' title='bbox 481 1915 689 1985; x_wconf 87' lang='lat' dir='ltr'><strong>interpretatur:</strong></span> <span class='ocrx_word' id='word_1_176' title='bbox 708 1921 830 1969; x_wconf 77' lang='lat' dir='ltr'><strong>«Femina</strong></span> <span class='ocrx_word' id='word_1_177' title='bbox 850 1918 952 1983; x_wconf 88' lang='lat' dir='ltr'><strong>omnia,</strong></span> <span class='ocrx_word' id='word_1_178' title='bbox 969 1937 1144 1993; x_wconf 78' lang='lat' dir='ltr'><strong>qaraecnanque</strong></span> 
     </span>
     <span class='ocr_line' id='line_1_19' title="bbox 91 1994 1145 2074; baseline 0.011 -29"><span class='ocrx_word' id='word_1_179' title='bbox 91 1994 122 2046; x_wconf 84' lang='lat' dir='ltr'><strong>ait</strong></span> <span class='ocrx_word' id='word_1_180' title='bbox 130 1998 233 2059; x_wconf 78' lang='lat' dir='ltr'><strong>deterior,</strong></span> <span class='ocrx_word' id='word_1_181' title='bbox 242 2010 292 2048; x_wconf 83' lang='lat' dir='ltr'><strong>eut</strong></span> <span class='ocrx_word' id='word_1_182' title='bbox 301 1997 404 2062; x_wconf 88' lang='lat' dir='ltr'><strong>melior,</strong></span> <span class='ocrx_word' id='word_1_183' title='bbox 413 1998 495 2050; x_wconf 88' lang='lat' dir='ltr'><strong>babet</strong></span> <span class='ocrx_word' id='word_1_184' title='bbox 503 2011 574 2063; x_wconf 82' lang='lat' dir='ltr'><strong>totos,</strong></span> <span class='ocrx_word' id='word_1_185' title='bbox 584 1997 698 2060; x_wconf 85' lang='lat' dir='ltr'><strong>eoadem,</strong></span> <span class='ocrx_word' id='word_1_186' title='bbox 707 2020 782 2052; x_wconf 68' lang='lat' dir='ltr'><strong>mores</strong></span> <span class='ocrx_word' id='word_1_187' title='bbox 791 2005 850 2065; x_wconf 83' lang='lat' dir='ltr'><strong>illie,</strong></span> <span class='ocrx_word' id='word_1_188' title='bbox 859 2019 940 2072; x_wconf 88' lang='lat' dir='ltr'><strong>quum</strong></span> <span class='ocrx_word' id='word_1_189' title='bbox 948 2000 981 2054; x_wconf 93' lang='lat' dir='ltr'><strong>de</strong></span> <span class='ocrx_word' id='word_1_190' title='bbox 988 2002 1145 2074; x_wconf 71' lang='lat' dir='ltr'><strong>inguinibus</strong></span> 
     </span>
    </p>
   </div>
   <div class='ocr_carea' id='block_1_6' title="bbox 91 2074 1153 3554">
    <p class='ocr_par' dir='ltr' id='par_1_6' title="bbox 91 2074 1151 3144">
     <span class='ocr_line' id='line_1_20' title="bbox 92 2074 1148 2152; baseline 0.009 -24"><span class='ocrx_word' id='word_1_191' title='bbox 92 2074 145 2128; x_wconf 76' lang='lat' dir='ltr'><strong>udis</strong></span> <span class='ocrx_word' id='word_1_192' title='bbox 157 2075 248 2146; x_wconf 75' lang='lat' dir='ltr'><strong>agitur,</strong></span> <span class='ocrx_word' id='word_1_193' title='bbox 261 2079 333 2132; x_wconf 87' lang='lat' dir='ltr'><strong>Gall.</strong></span> <span class='ocrx_word' id='word_1_194' title='bbox 352 2084 427 2130; x_wconf 79' lang='lat' dir='ltr'><strong>rone</strong></span> <span class='ocrx_word' id='word_1_195' title='bbox 436 2083 531 2148; x_wconf 83' lang='lat' dir='ltr'><strong>semme</strong></span> <span class='ocrx_word' id='word_1_196' title='bbox 549 2084 669 2132; x_wconf 75' lang='lat' dir='ltr'><strong>harimnu</strong></span> <span class='ocrx_word' id='word_1_197' title='bbox 682 2088 809 2135; x_wconf 81' lang='lat' dir='ltr'><strong>mauvaiae</strong></span> <span class='ocrx_word' id='word_1_198' title='bbox 821 2095 859 2134; x_wconf 82' lang='lat' dir='ltr'><strong>est</strong></span> <span class='ocrx_word' id='word_1_199' title='bbox 876 2087 902 2134; x_wconf 80' lang='lat' dir='ltr'><strong>ia</strong></span> <span class='ocrx_word' id='word_1_200' title='bbox 918 2085 1007 2150; x_wconf 66' lang='lat' dir='ltr'><strong>meme,</strong></span> <span class='ocrx_word' id='word_1_201' title='bbox 1025 2089 1111 2152; x_wconf 79' lang='lat' dir='ltr'><strong>quaed</strong></span> <span class='ocrx_word' id='word_1_202' title='bbox 1127 2089 1148 2138; x_wconf 89' lang='lat' dir='ltr'><strong>il</strong></span> 
     </span>
     <span class='ocr_line' id='line_1_21' title="bbox 91 2161 1144 2235; baseline 0.008 -26"><span class='ocrx_word' id='word_1_203' title='bbox 91 2161 152 2228; x_wconf 68' lang='lat' dir='ltr'><strong>s&#39;agit</strong></span> <span class='ocrx_word' id='word_1_204' title='bbox 161 2164 218 2212; x_wconf 84' lang='lat' dir='ltr'><strong>de...</strong></span> <span class='ocrx_word' id='word_1_205' title='bbox 231 2176 255 2212; x_wconf 88' lang='lat' dir='ltr'><strong>et</strong></span> <span class='ocrx_word' id='word_1_206' title='bbox 268 2181 300 2214; x_wconf 82' lang='lat' dir='ltr'><strong>rte</strong></span> <span class='ocrx_word' id='word_1_207' title='bbox 311 2167 421 2230; x_wconf 83' lang='lat' dir='ltr'><strong>rejiuero</strong></span> <span class='ocrx_word' id='word_1_208' title='bbox 428 2165 537 2232; x_wconf 71' lang='lat' dir='ltr'><strong>jaracis,</strong></span> <span class='ocrx_word' id='word_1_209' title='bbox 551 2168 610 2230; x_wconf 77' lang='lat' dir='ltr'><strong>quoi</strong></span> <span class='ocrx_word' id='word_1_210' title='bbox 619 2185 650 2232; x_wconf 88' lang='lat' dir='ltr'><strong>qu</strong></span> <span class='ocrx_word' id='word_1_211' title='bbox 655 2169 680 2217; x_wconf 79' lang='lat'><strong>&#39;1¹1</strong></span> <span class='ocrx_word' id='word_1_212' title='bbox 687 2187 717 2217; x_wconf 83' lang='lat' dir='ltr'><strong>en</strong></span> <span class='ocrx_word' id='word_1_213' title='bbox 730 2167 816 2230; x_wconf 72' lang='lat' dir='ltr'><strong>coire,</strong></span> <span class='ocrx_word' id='word_1_214' title='bbox 831 2170 970 2218; x_wconf 78' lang='lat' dir='ltr'><strong>d&#39;ossoooir</strong></span> <span class='ocrx_word' id='word_1_215' title='bbox 979 2173 1144 2235; x_wconf 72' lang='lat' dir='ltr'><strong>sapuerim..</strong></span> 
     </span>
     <span class='ocr_line' id='line_1_22' title="bbox 92 2243 1147 2321; baseline 0.009 -25"><span class='ocrx_word' id='word_1_216' title='bbox 92 2243 134 2296; x_wconf 88' lang='lat' dir='ltr'><strong>Sed</strong></span> <span class='ocrx_word' id='word_1_217' title='bbox 148 2262 227 2315; x_wconf 78' lang='lat' dir='ltr'><strong>qoam</strong></span> <span class='ocrx_word' id='word_1_218' title='bbox 243 2244 315 2299; x_wconf 87' lang='lat' dir='ltr'><strong>dura</strong></span> <span class='ocrx_word' id='word_1_219' title='bbox 329 2247 364 2299; x_wconf 83' lang='lat' dir='ltr'><strong>ait</strong></span> <span class='ocrx_word' id='word_1_220' title='bbox 378 2247 434 2300; x_wconf 71' lang='lat' dir='ltr'><strong>laec</strong></span> <span class='ocrx_word' id='word_1_221' title='bbox 451 2247 611 2318; x_wconf 82' lang='lat' dir='ltr'><strong>explicatio,</strong></span> <span class='ocrx_word' id='word_1_222' title='bbox 625 2249 668 2300; x_wconf 83' lang='lat' dir='ltr'><strong>vix</strong></span> <span class='ocrx_word' id='word_1_223' title='bbox 682 2249 806 2318; x_wconf 75' lang='lat' dir='ltr'><strong>estquod</strong></span> <span class='ocrx_word' id='word_1_224' title='bbox 820 2267 955 2314; x_wconf 68' lang='lat' dir='ltr'><strong>moneam</strong></span> <span class='ocrx_word' id='word_1_225' title='bbox 974 2251 1092 2321; x_wconf 79' lang='lat' dir='ltr'><strong>vulgaria</strong></span> <span class='ocrx_word' id='word_1_226' title='bbox 1106 2265 1147 2306; x_wconf 83' lang='lat' dir='ltr'><strong>eet</strong></span> 
     </span>
     <span class='ocr_line' id='line_1_23' title="bbox 92 2326 1147 2403; baseline 0.01 -25"><span class='ocrx_word' id='word_1_227' title='bbox 92 2326 301 2380; x_wconf 74' lang='lat' dir='ltr'><strong>ben-Femina</strong></span> <span class='ocrx_word' id='word_1_228' title='bbox 321 2333 433 2391; x_wconf 77' lang='lat' dir='ltr'><strong>deterior,</strong></span> <span class='ocrx_word' id='word_1_229' title='bbox 452 2330 480 2381; x_wconf 92' lang='lat' dir='ltr'><strong>in</strong></span> <span class='ocrx_word' id='word_1_230' title='bbox 497 2330 590 2382; x_wconf 87' lang='lat' dir='ltr'><strong>ceteria</strong></span> <span class='ocrx_word' id='word_1_231' title='bbox 612 2331 682 2382; x_wconf 89' lang='lat' dir='ltr'><strong>male</strong></span> <span class='ocrx_word' id='word_1_232' title='bbox 702 2343 816 2392; x_wconf 90' lang='lat' dir='ltr'><strong>morata,</strong></span> <span class='ocrx_word' id='word_1_233' title='bbox 835 2343 862 2382; x_wconf 88' lang='lat' dir='ltr'><strong>et</strong></span> <span class='ocrx_word' id='word_1_234' title='bbox 876 2331 904 2382; x_wconf 89' lang='lat' dir='ltr'><strong>in</strong></span> <span class='ocrx_word' id='word_1_235' title='bbox 924 2331 1041 2403; x_wconf 87' lang='lat' dir='ltr'><strong>reliquoa</strong></span> <span class='ocrx_word' id='word_1_236' title='bbox 1055 2353 1147 2389; x_wconf 84' lang='lat' dir='ltr'><strong>omnea</strong></span> 
     </span>
     <span class='ocr_line' id='line_1_24' title="bbox 91 2411 1148 2484; baseline 0.006 -22"><span class='ocrx_word' id='word_1_237' title='bbox 91 2429 159 2463; x_wconf 83' lang='lat' dir='ltr'><strong>arara</strong></span> <span class='ocrx_word' id='word_1_238' title='bbox 176 2423 204 2465; x_wconf 89' lang='lat' dir='ltr'><strong>et</strong></span> <span class='ocrx_word' id='word_1_239' title='bbox 216 2431 345 2484; x_wconf 82' lang='lat' dir='ltr'><strong>nequam,</strong></span> <span class='ocrx_word' id='word_1_240' title='bbox 356 2415 406 2464; x_wconf 82' lang='lat' dir='ltr'><strong>illic</strong></span> <span class='ocrx_word' id='word_1_241' title='bbox 419 2416 493 2464; x_wconf 74' lang='lat' dir='ltr'><strong>lrabee</strong></span> <span class='ocrx_word' id='word_1_242' title='bbox 505 2427 564 2462; x_wconf 79' lang='lat' dir='ltr'><strong>toros</strong></span> <span class='ocrx_word' id='word_1_243' title='bbox 576 2431 670 2477; x_wconf 81' lang='lat' dir='ltr'><strong>morer,</strong></span> <span class='ocrx_word' id='word_1_244' title='bbox 685 2412 729 2464; x_wconf 89' lang='lat' dir='ltr'><strong>bic</strong></span> <span class='ocrx_word' id='word_1_245' title='bbox 742 2411 832 2465; x_wconf 91' lang='lat' dir='ltr'><strong>induit</strong></span> <span class='ocrx_word' id='word_1_246' title='bbox 845 2413 1016 2479; x_wconf 88' lang='lat' dir='ltr'><strong>comitatem,</strong></span> <span class='ocrx_word' id='word_1_247' title='bbox 1029 2415 1148 2468; x_wconf 87' lang='lat' dir='ltr'><strong>liberali·</strong></span> 
     </span>
     <span class='ocr_line' id='line_1_25' title="bbox 91 2493 1149 2566; baseline 0.004 -20"><span class='ocrx_word' id='word_1_248' title='bbox 91 2507 172 2556; x_wconf 86' lang='lat' dir='ltr'><strong>tatem,</strong></span> <span class='ocrx_word' id='word_1_249' title='bbox 195 2509 245 2549; x_wconf 88' lang='lat' dir='ltr'><strong>etc.</strong></span> <span class='ocrx_word' id='word_1_250' title='bbox 268 2509 297 2548; x_wconf 89' lang='lat' dir='ltr'><strong>nt</strong></span> <span class='ocrx_word' id='word_1_251' title='bbox 316 2497 424 2548; x_wconf 78' lang='lat' dir='ltr'><strong>maechis</strong></span> <span class='ocrx_word' id='word_1_252' title='bbox 445 2496 590 2566; x_wconf 80' lang='lat' dir='ltr'><strong>largiatur,</strong></span> <span class='ocrx_word' id='word_1_253' title='bbox 613 2507 639 2548; x_wconf 87' lang='lat' dir='ltr'><strong>et</strong></span> <span class='ocrx_word' id='word_1_254' title='bbox 654 2495 768 2566; x_wconf 86' lang='lat' dir='ltr'><strong>placeat.</strong></span> <span class='ocrx_word' id='word_1_255' title='bbox 790 2493 844 2548; x_wconf 87' lang='lat' dir='ltr'><strong>Sed</strong></span> <span class='ocrx_word' id='word_1_256' title='bbox 857 2494 925 2546; x_wconf 86' lang='lat' dir='ltr'><strong>bene</strong></span> <span class='ocrx_word' id='word_1_257' title='bbox 939 2495 996 2547; x_wconf 74' lang='lat' dir='ltr'><strong>bec</strong></span> <span class='ocrx_word' id='word_1_258' title='bbox 1009 2494 1149 2550; x_wconf 84' lang='lat' dir='ltr'><strong>adnotavit</strong></span> 
     </span>
     <span class='ocr_line' id='line_1_26' title="bbox 91 2576 1149 2650; baseline 0.004 -22"><span class='ocrx_word' id='word_1_259' title='bbox 91 2576 175 2629; x_wconf 79' lang='lat' dir='ltr'><strong>ilanso</strong></span> <span class='ocrx_word' id='word_1_260' title='bbox 188 2595 196 2627; x_wconf 91' lang='lat'>:</span> <span class='ocrx_word' id='word_1_261' title='bbox 207 2579 292 2649; x_wconf 71' lang='lat' dir='ltr'><strong>«lpse</strong></span> <span class='ocrx_word' id='word_1_262' title='bbox 307 2577 373 2630; x_wconf 89' lang='lat' dir='ltr'><strong>olim</strong></span> <span class='ocrx_word' id='word_1_263' title='bbox 391 2591 554 2631; x_wconf 82' lang='lat' dir='ltr'><strong>tentaveram</strong></span> <span class='ocrx_word' id='word_1_264' title='bbox 578 2593 653 2628; x_wconf 77' lang='lat' dir='ltr'><strong>tortos</strong></span> <span class='ocrx_word' id='word_1_265' title='bbox 671 2597 721 2650; x_wconf 86' lang='lat' dir='ltr'><strong>pro</strong></span> <span class='ocrx_word' id='word_1_266' title='bbox 743 2591 818 2642; x_wconf 82' lang='lat' dir='ltr'><strong>totos,</strong></span> <span class='ocrx_word' id='word_1_267' title='bbox 839 2577 984 2648; x_wconf 74' lang='lat' dir='ltr'><strong>respiciens</strong></span> <span class='ocrx_word' id='word_1_268' title='bbox 1005 2577 1041 2630; x_wconf 90' lang='lat' dir='ltr'><strong>ad</strong></span> <span class='ocrx_word' id='word_1_269' title='bbox 1058 2579 1149 2634; x_wconf 88' lang='lat' dir='ltr'><strong>Plauti</strong></span> 
     </span>
     <span class='ocr_line' id='line_1_27' title="bbox 92 2659 1149 2732; baseline 0.005 -22"><span class='ocrx_word' id='word_1_270' title='bbox 92 2660 256 2727; x_wconf 77' lang='lat' dir='ltr'><strong>(llenaeebm.</strong></span> <span class='ocrx_word' id='word_1_271' title='bbox 271 2661 322 2725; x_wconf 91' lang='lat' dir='ltr'><strong>IV,</strong></span> <span class='ocrx_word' id='word_1_272' title='bbox 335 2681 367 2724; x_wconf 82' lang='lat' dir='ltr'><strong>a,</strong></span> <span class='ocrx_word' id='word_1_273' title='bbox 381 2659 612 2731; x_wconf 57' lang='lat' dir='ltr'><strong>aemendatione</strong></span> <span class='ocrx_word' id='word_1_274' title='bbox 625 2675 701 2711; x_wconf 81' lang='lat' dir='ltr'><strong>tortas</strong></span> <span class='ocrx_word' id='word_1_275' title='bbox 713 2674 739 2714; x_wconf 91' lang='lat' dir='ltr'><strong>et</strong></span> <span class='ocrx_word' id='word_1_276' title='bbox 757 2659 946 2732; x_wconf 74' lang='lat' dir='ltr'><strong>confragosae,</strong></span> <span class='ocrx_word' id='word_1_277' title='bbox 962 2660 1016 2712; x_wconf 89' lang='lat' dir='ltr'><strong>boc</strong></span> <span class='ocrx_word' id='word_1_278' title='bbox 1028 2671 1080 2726; x_wconf 89' lang='lat' dir='ltr'><strong>eat,</strong></span> <span class='ocrx_word' id='word_1_279' title='bbox 1092 2680 1149 2715; x_wconf 88' lang='lat' dir='ltr'><strong>am·</strong></span> 
     </span>
     <span class='ocr_line' id='line_1_28' title="bbox 91 2741 1149 2816; baseline 0.003 -23"><span class='ocrx_word' id='word_1_280' title='bbox 91 2741 171 2814; x_wconf 72' lang='lat' dir='ltr'><strong>bigote</strong></span> <span class='ocrx_word' id='word_1_281' title='bbox 182 2757 209 2796; x_wconf 87' lang='lat' dir='ltr'><strong>et</strong></span> <span class='ocrx_word' id='word_1_282' title='bbox 220 2743 361 2810; x_wconf 80' lang='lat' dir='ltr'><strong>dilllcilee,</strong></span> <span class='ocrx_word' id='word_1_283' title='bbox 372 2757 400 2797; x_wconf 87' lang='lat' dir='ltr'><strong>et</strong></span> <span class='ocrx_word' id='word_1_284' title='bbox 410 2743 445 2796; x_wconf 82' lang='lat' dir='ltr'><strong>ad</strong></span> <span class='ocrx_word' id='word_1_285' title='bbox 459 2743 542 2798; x_wconf 84' lang='lat' dir='ltr'><strong>Pereii</strong></span> <span class='ocrx_word' id='word_1_286' title='bbox 555 2763 633 2794; x_wconf 79' lang='lat' dir='ltr'><strong>rnorea</strong></span> <span class='ocrx_word' id='word_1_287' title='bbox 643 2763 727 2795; x_wconf 79' lang='lat' dir='ltr'><strong>eureos</strong></span> <span class='ocrx_word' id='word_1_288' title='bbox 737 2755 764 2796; x_wconf 88' lang='lat' dir='ltr'><strong>et</strong></span> <span class='ocrx_word' id='word_1_289' title='bbox 775 2746 879 2794; x_wconf 81' lang='lat' dir='ltr'><strong>intortos</strong></span> <span class='ocrx_word' id='word_1_290' title='bbox 891 2743 967 2814; x_wconf 81' lang='grc' dir='ltr'>(ΙΙΙ,</span> <span class='ocrx_word' id='word_1_291' title='bbox 978 2743 1025 2808; x_wconf 75' lang='lat'><strong>523</strong></span> <span class='ocrx_word' id='word_1_292' title='bbox 1036 2745 1071 2808; x_wconf 83' lang='lat' dir='ltr'><strong>V,</strong></span> <span class='ocrx_word' id='word_1_293' title='bbox 1084 2746 1117 2800; x_wconf 82' lang='grc'><strong>38</strong></span> <span class='ocrx_word' id='word_1_294' title='bbox 1127 2749 1149 2816; x_wconf 85' lang='grc'><strong>),</strong></span> 
     </span>
     <span class='ocr_line' id='line_1_29' title="bbox 93 2825 1149 2898; baseline 0.006 -22"><span class='ocrx_word' id='word_1_295' title='bbox 93 2825 136 2877; x_wconf 85' lang='lat' dir='ltr'><strong>boe</strong></span> <span class='ocrx_word' id='word_1_296' title='bbox 151 2839 204 2890; x_wconf 86' lang='lat' dir='ltr'><strong>eat,</strong></span> <span class='ocrx_word' id='word_1_297' title='bbox 225 2825 368 2880; x_wconf 84' lang='lat' dir='ltr'><strong>abnormea</strong></span> <span class='ocrx_word' id='word_1_298' title='bbox 385 2840 413 2880; x_wconf 88' lang='lat' dir='ltr'><strong>et</strong></span> <span class='ocrx_word' id='word_1_299' title='bbox 427 2825 462 2880; x_wconf 94' lang='lat' dir='ltr'><strong>ad</strong></span> <span class='ocrx_word' id='word_1_300' title='bbox 475 2827 596 2898; x_wconf 79' lang='lat' dir='ltr'><strong>regulam</strong></span> <span class='ocrx_word' id='word_1_301' title='bbox 617 2846 671 2880; x_wconf 89' lang='lat' dir='ltr'><strong>non</strong></span> <span class='ocrx_word' id='word_1_302' title='bbox 693 2840 811 2880; x_wconf 79' lang='lat' dir='ltr'><strong>exactos.</strong></span> <span class='ocrx_word' id='word_1_303' title='bbox 834 2827 914 2880; x_wconf 88' lang='lat' dir='ltr'><strong>Nunc</strong></span> <span class='ocrx_word' id='word_1_304' title='bbox 934 2827 1097 2892; x_wconf 75' lang='lat' dir='ltr'><strong>accuratius,</strong></span> <span class='ocrx_word' id='word_1_305' title='bbox 1118 2847 1149 2882; x_wconf 89' lang='lat' dir='ltr'><strong>re</strong></span> 
     </span>
     <span class='ocr_line' id='line_1_30' title="bbox 92 2907 1150 2981; baseline 0.002 -21"><span class='ocrx_word' id='word_1_306' title='bbox 92 2924 221 2976; x_wconf 76' lang='lat' dir='ltr'><strong>perpensa,</strong></span> <span class='ocrx_word' id='word_1_307' title='bbox 234 2919 353 2959; x_wconf 87' lang='lat' dir='ltr'><strong>mentem</strong></span> <span class='ocrx_word' id='word_1_308' title='bbox 366 2921 454 2972; x_wconf 91' lang='lat' dir='ltr'><strong>muto,</strong></span> <span class='ocrx_word' id='word_1_309' title='bbox 473 2921 500 2960; x_wconf 89' lang='lat' dir='ltr'><strong>et</strong></span> <span class='ocrx_word' id='word_1_310' title='bbox 514 2923 577 2959; x_wconf 83' lang='lat' dir='ltr'><strong>totos</strong></span> <span class='ocrx_word' id='word_1_311' title='bbox 592 2927 671 2960; x_wconf 85' lang='lat' dir='ltr'><strong>mores</strong></span> <span class='ocrx_word' id='word_1_312' title='bbox 691 2907 725 2960; x_wconf 91' lang='lat' dir='ltr'><strong>de</strong></span> <span class='ocrx_word' id='word_1_313' title='bbox 739 2909 862 2960; x_wconf 77' lang='lat' dir='ltr'><strong>universa</strong></span> <span class='ocrx_word' id='word_1_314' title='bbox 880 2907 987 2961; x_wconf 86' lang='lat' dir='ltr'><strong>vivendi</strong></span> <span class='ocrx_word' id='word_1_315' title='bbox 1000 2907 1150 2981; x_wconf 80' lang='lat' dir='ltr'><strong>agendique</strong></span> 
     </span>
     <span class='ocr_line' id='line_1_31' title="bbox 93 2986 1150 3062; baseline 0.006 -22"><span class='ocrx_word' id='word_1_316' title='bbox 93 2992 179 3042; x_wconf 75' lang='lat' dir='ltr'><strong>ratione</strong></span> <span class='ocrx_word' id='word_1_317' title='bbox 193 2990 325 3060; x_wconf 77' lang='lat' dir='ltr'><strong>intelligo.</strong></span> <span class='ocrx_word' id='word_1_318' title='bbox 339 2990 450 3043; x_wconf 86' lang='lat' dir='ltr'><strong>Dixerat</strong></span> <span class='ocrx_word' id='word_1_319' title='bbox 462 3005 542 3062; x_wconf 87' lang='lat' dir='ltr'><strong>poeta</strong></span> <span class='ocrx_word' id='word_1_320' title='bbox 555 2990 590 3042; x_wconf 88' lang='lat' dir='ltr'><strong>de</strong></span> <span class='ocrx_word' id='word_1_321' title='bbox 602 2989 763 3042; x_wconf 79' lang='lat' dir='ltr'><strong>libidinibus</strong></span> <span class='ocrx_word' id='word_1_322' title='bbox 778 2986 937 3041; x_wconf 77' lang='lat' dir='ltr'><strong>laminarum</strong></span> <span class='ocrx_word' id='word_1_323' title='bbox 950 2990 1150 3060; x_wconf 74' lang='lat' dir='ltr'><strong>generosiorum</strong></span> 
     </span>
     <span class='ocr_line' id='line_1_32' title="bbox 92 3068 1151 3144; baseline 0.001 -19"><span class='ocrx_word' id='word_1_324' title='bbox 92 3087 114 3125; x_wconf 89' lang='lat' dir='ltr'><strong>et</strong></span> <span class='ocrx_word' id='word_1_325' title='bbox 123 3093 218 3127; x_wconf 74' lang='lat' dir='ltr'><strong>sommo</strong></span> <span class='ocrx_word' id='word_1_326' title='bbox 236 3073 297 3125; x_wconf 91' lang='lat' dir='ltr'><strong>loco</strong></span> <span class='ocrx_word' id='word_1_327' title='bbox 312 3085 445 3126; x_wconf 82' lang='lat' dir='ltr'><strong>natarum.</strong></span> <span class='ocrx_word' id='word_1_328' title='bbox 462 3074 512 3125; x_wconf 83' lang='lat' dir='ltr'><strong>llia</strong></span> <span class='ocrx_word' id='word_1_329' title='bbox 527 3074 613 3126; x_wconf 71' lang='lat' dir='ltr'><strong>missis</strong></span> <span class='ocrx_word' id='word_1_330' title='bbox 626 3074 726 3144; x_wconf 77' lang='lat' dir='ltr'><strong>pergit:</strong></span> <span class='ocrx_word' id='word_1_331' title='bbox 740 3070 815 3136; x_wconf 85' lang='lat' dir='ltr'><strong>Quid</strong></span> <span class='ocrx_word' id='word_1_332' title='bbox 828 3069 918 3122; x_wconf 89' lang='lat' dir='ltr'><strong>dicam</strong></span> <span class='ocrx_word' id='word_1_333' title='bbox 928 3068 962 3124; x_wconf 88' lang='lat' dir='ltr'><strong>de</strong></span> <span class='ocrx_word' id='word_1_334' title='bbox 969 3075 1071 3138; x_wconf 75' lang='lat' dir='ltr'><strong>firmuis</strong></span> <span class='ocrx_word' id='word_1_335' title='bbox 1081 3077 1151 3126; x_wconf 83' lang='lat' dir='ltr'><strong>dete·</strong></span> 
     </span>
    </p>

    <p class='ocr_par' dir='ltr' id='par_1_7' title="bbox 20 3139 1153 3554">
     <span class='ocr_line' id='line_1_33' title="bbox 93 3153 1148 3227; baseline 0.004 -21.676"><span class='ocrx_word' id='word_1_336' title='bbox 93 3159 188 3221; x_wconf 78' lang='lat' dir='ltr'><strong>n&#39;enlos,</strong></span> <span class='ocrx_word' id='word_1_337' title='bbox 202 3155 232 3209; x_wconf 90' lang='lat' dir='ltr'><strong>id</strong></span> <span class='ocrx_word' id='word_1_338' title='bbox 245 3168 296 3220; x_wconf 83' lang='lat' dir='ltr'><strong>eat,</strong></span> <span class='ocrx_word' id='word_1_339' title='bbox 319 3155 452 3208; x_wconf 75' lang='lat' dir='ltr'><strong>interioria</strong></span> <span class='ocrx_word' id='word_1_340' title='bbox 470 3155 650 3208; x_wconf 80' lang='lat' dir='ltr'><strong>conditionis?</strong></span> <span class='ocrx_word' id='word_1_341' title='bbox 665 3157 705 3207; x_wconf 81' lang='lat' dir='ltr'><strong>laer</strong></span> <span class='ocrx_word' id='word_1_342' title='bbox 723 3166 785 3207; x_wconf 86' lang='lat' dir='ltr'><strong>totae</strong></span> <span class='ocrx_word' id='word_1_343' title='bbox 799 3155 834 3206; x_wconf 88' lang='lat' dir='ltr'><strong>ab</strong></span> <span class='ocrx_word' id='word_1_344' title='bbox 848 3153 1003 3224; x_wconf 75' lang='lat' dir='ltr'><strong>inguinibus</strong></span> <span class='ocrx_word' id='word_1_345' title='bbox 1017 3156 1148 3227; x_wconf 89' lang='lat' dir='ltr'><strong>pendent;</strong></span> 
     </span>
     <span class='ocr_line' id='line_1_34' title="bbox 94 3237 1153 3310; baseline 0.003 -20"><span class='ocrx_word' id='word_1_346' title='bbox 94 3239 177 3290; x_wconf 86' lang='lat' dir='ltr'><strong>barum</strong></span> <span class='ocrx_word' id='word_1_347' title='bbox 188 3260 265 3290; x_wconf 80' lang='lat' dir='ltr'><strong>mores</strong></span> <span class='ocrx_word' id='word_1_348' title='bbox 280 3251 307 3292; x_wconf 90' lang='lat' dir='ltr'><strong>et</strong></span> <span class='ocrx_word' id='word_1_349' title='bbox 320 3237 526 3292; x_wconf 84' lang='lat' dir='ltr'><strong>consuetudines</strong></span> <span class='ocrx_word' id='word_1_350' title='bbox 538 3239 617 3310; x_wconf 86' lang='lat' dir='ltr'><strong>plane</strong></span> <span class='ocrx_word' id='word_1_351' title='bbox 629 3239 700 3306; x_wconf 84' lang='lat' dir='ltr'><strong>illic(</strong></span> <span class='ocrx_word' id='word_1_352' title='bbox 711 3238 738 3288; x_wconf 89' lang='lat' dir='ltr'><strong>in</strong></span> <span class='ocrx_word' id='word_1_353' title='bbox 752 3237 925 3308; x_wconf 82' lang='lat' dir='ltr'><strong>inguinibus)</strong></span> <span class='ocrx_word' id='word_1_354' title='bbox 941 3249 1016 3302; x_wconf 83' lang='lat' dir='ltr'><strong>eunt,</strong></span> <span class='ocrx_word' id='word_1_355' title='bbox 1027 3252 1053 3292; x_wconf 91' lang='lat' dir='ltr'><strong>et</strong></span> <span class='ocrx_word' id='word_1_356' title='bbox 1064 3241 1153 3310; x_wconf 78' lang='lat' dir='ltr'><strong>ingui-</strong></span> 
     </span>
     <span class='ocr_line' id='line_1_35' title="bbox 96 3320 1151 3394; baseline 0.002 -22"><span class='ocrx_word' id='word_1_357' title='bbox 96 3339 153 3372; x_wconf 87' lang='lat' dir='ltr'><strong>num</strong></span> <span class='ocrx_word' id='word_1_358' title='bbox 164 3325 272 3394; x_wconf 85' lang='lat' dir='ltr'><strong>imperio</strong></span> <span class='ocrx_word' id='word_1_359' title='bbox 287 3335 479 3394; x_wconf 86' lang='lat' dir='ltr'><strong>temperantur.</strong></span> <span class='ocrx_word' id='word_1_360' title='bbox 499 3323 634 3375; x_wconf 81' lang='lat' dir='ltr'><strong>Habemus</strong></span> <span class='ocrx_word' id='word_1_361' title='bbox 648 3321 825 3393; x_wconf 85' lang='lat' dir='ltr'><strong>epiphonema</strong></span> <span class='ocrx_word' id='word_1_362' title='bbox 839 3320 903 3372; x_wconf 81' lang='lat' dir='ltr'><strong>satia</strong></span> <span class='ocrx_word' id='word_1_363' title='bbox 923 3333 1015 3390; x_wconf 88' lang='lat' dir='ltr'><strong>aptum</strong></span> <span class='ocrx_word' id='word_1_364' title='bbox 1031 3335 1057 3374; x_wconf 89' lang='lat' dir='ltr'><strong>et</strong></span> <span class='ocrx_word' id='word_1_365' title='bbox 1076 3325 1151 3374; x_wconf 85' lang='lat' dir='ltr'><strong>clau·</strong></span> 
     </span>
     <span class='ocr_line' id='line_1_36' title="bbox 96 3405 1153 3478; baseline 0.001 -21"><span class='ocrx_word' id='word_1_366' title='bbox 96 3405 170 3457; x_wconf 81' lang='lat' dir='ltr'><strong>denda</strong></span> <span class='ocrx_word' id='word_1_367' title='bbox 183 3409 315 3460; x_wconf 71' lang='lat' dir='ltr'><strong>sententia</strong></span> <span class='ocrx_word' id='word_1_368' title='bbox 328 3407 456 3478; x_wconf 82' lang='lat' dir='ltr'><strong>dignum,</strong></span> <span class='ocrx_word' id='word_1_369' title='bbox 469 3408 531 3472; x_wconf 88' lang='lat' dir='ltr'><strong>cui,</strong></span> <span class='ocrx_word' id='word_1_370' title='bbox 551 3408 573 3459; x_wconf 84' lang='lat' dir='ltr'><strong>ai</strong></span> <span class='ocrx_word' id='word_1_371' title='bbox 590 3407 672 3460; x_wconf 83' lang='lat' dir='ltr'><strong>verba</strong></span> <span class='ocrx_word' id='word_1_372' title='bbox 686 3418 833 3476; x_wconf 79' lang='lat' dir='ltr'><strong>spectemus</strong></span> <span class='ocrx_word' id='word_1_373' title='bbox 841 3445 849 3472; x_wconf 88' lang='lat'><strong>,</strong></span> <span class='ocrx_word' id='word_1_374' title='bbox 866 3424 921 3458; x_wconf 91' lang='lat' dir='ltr'><strong>non</strong></span> <span class='ocrx_word' id='word_1_375' title='bbox 937 3405 1057 3458; x_wconf 75' lang='lat' dir='ltr'><strong>absimile</strong></span> <span class='ocrx_word' id='word_1_376' title='bbox 1070 3407 1153 3460; x_wconf 89' lang='lat' dir='ltr'><strong>luerit</strong></span> 
     </span>
     <span class='ocr_line' id='line_1_37' title="bbox 96 3488 641 3554; baseline 0.007 -16"><span class='ocrx_word' id='word_1_377' title='bbox 96 3488 273 3543; x_wconf 82' lang='lat' dir='ltr'><strong>lncretianum</strong></span> <span class='ocrx_word' id='word_1_378' title='bbox 283 3490 370 3553; x_wconf 87' lang='lat' dir='ltr'><strong>illud,</strong></span> <span class='ocrx_word' id='word_1_379' title='bbox 386 3491 440 3554; x_wconf 86' lang='lat' dir='ltr'><strong>vl,</strong></span> <span class='ocrx_word' id='word_1_380' title='bbox 462 3491 537 3544; x_wconf 78' lang='lat'><strong>1203.</strong></span> <span class='ocrx_word' id='word_1_381' title='bbox 639 3527 641 3531; x_wconf 91' lang='lat'><em>-</em></span> 
     </span>
    </p>
   </div>
   <div class='ocr_carea' id='block_1_7' title="bbox 236 3580 771 3660">
    <p class='ocr_par' dir='ltr' id='par_1_8' title="bbox 236 3580 771 3660">
     <span class='ocr_line' id='line_1_38' title="bbox 236 3580 771 3660; baseline 0 -16"><span class='ocrx_word' id='word_1_382' title='bbox 236 3601 285 3644; x_wconf 79' lang='lat' dir='ltr'><strong>line</strong></span> <span class='ocrx_word' id='word_1_383' title='bbox 297 3600 396 3648; x_wconf 77' lang='lat' dir='ltr'><strong>bominis</strong></span> <span class='ocrx_word' id='word_1_384' title='bbox 409 3580 462 3644; x_wconf 76' lang='lat' dir='ltr'><strong>tote</strong></span> <span class='ocrx_word' id='word_1_385' title='bbox 474 3601 534 3646; x_wconf 72' lang='lat' dir='ltr'><strong>vires</strong></span> <span class='ocrx_word' id='word_1_386' title='bbox 545 3614 673 3660; x_wconf 71' lang='lat' dir='ltr'><strong>corpusque</strong></span> <span class='ocrx_word' id='word_1_387' title='bbox 681 3597 771 3646; x_wconf 86' lang='lat' dir='ltr'><strong>llnebat.</strong></span> 
     </span>
    </p>
   </div>
   <div class='ocr_carea' id='block_1_8' title="bbox 20 3697 1157 4184">
    <p class='ocr_par' dir='ltr' id='par_1_9' title="bbox 20 3697 1157 4184">
     <span class='ocr_line' id='line_1_39' title="bbox 20 3697 1153 3774; baseline -0.004 -20"><span class='ocrx_word' id='word_1_388' title='bbox 20 3749 21 3754; x_wconf 75' lang='grc'>,</span> <span class='ocrx_word' id='word_1_389' title='bbox 96 3698 207 3753; x_wconf 83' lang='lat' dir='ltr'><strong>Ceterum</strong></span> <span class='ocrx_word' id='word_1_390' title='bbox 221 3701 319 3753; x_wconf 83' lang='lat' dir='ltr'><strong>l&#39;ruetra</strong></span> <span class='ocrx_word' id='word_1_391' title='bbox 332 3702 462 3774; x_wconf 79' lang='lat' dir='ltr'><strong>quaeritur</strong></span> <span class='ocrx_word' id='word_1_392' title='bbox 473 3719 532 3772; x_wconf 74' lang='lat' dir='ltr'><strong>quar</strong></span> <span class='ocrx_word' id='word_1_393' title='bbox 546 3701 598 3754; x_wconf 78' lang='lat' dir='ltr'><strong>rint</strong></span> <span class='ocrx_word' id='word_1_394' title='bbox 614 3701 710 3766; x_wconf 78' lang='lat' dir='ltr'><strong>Oppia,</strong></span> <span class='ocrx_word' id='word_1_395' title='bbox 725 3699 815 3766; x_wconf 72' lang='lat' dir='ltr'><strong>Hippia</strong></span> <span class='ocrx_word' id='word_1_396' title='bbox 831 3709 857 3748; x_wconf 88' lang='lat' dir='ltr'><strong>et</strong></span> <span class='ocrx_word' id='word_1_397' title='bbox 874 3697 982 3758; x_wconf 81' lang='lat' dir='ltr'><strong>Catulla,</strong></span> <span class='ocrx_word' id='word_1_398' title='bbox 1000 3713 1091 3766; x_wconf 81' lang='lat' dir='ltr'><strong>quaeve</strong></span> <span class='ocrx_word' id='word_1_399' title='bbox 1103 3697 1153 3749; x_wconf 84' lang='lat' dir='ltr'><strong>eub</strong></span> 
     </span>
     <span class='ocr_line' id='line_1_40' title="bbox 96 3779 1154 3850; baseline 0.003 -19"><span class='ocrx_word' id='word_1_400' title='bbox 96 3797 178 3832; x_wconf 85' lang='lat' dir='ltr'><strong>earnm</strong></span> <span class='ocrx_word' id='word_1_401' title='bbox 192 3784 298 3836; x_wconf 89' lang='lat' dir='ltr'><strong>nomine</strong></span> <span class='ocrx_word' id='word_1_402' title='bbox 309 3784 418 3838; x_wconf 87' lang='lat' dir='ltr'><strong>lateant.</strong></span> <span class='ocrx_word' id='word_1_403' title='bbox 428 3783 457 3837; x_wconf 87' lang='lat' dir='ltr'><strong>si</strong></span> <span class='ocrx_word' id='word_1_404' title='bbox 468 3783 634 3836; x_wconf 76' lang='lat' dir='ltr'><strong>admittimus</strong></span> <span class='ocrx_word' id='word_1_405' title='bbox 645 3781 784 3833; x_wconf 68' lang='lat' dir='ltr'><strong>lectionem</strong></span> <span class='ocrx_word' id='word_1_406' title='bbox 795 3780 899 3845; x_wconf 81' lang='lat' dir='ltr'><strong>Hippio,</strong></span> <span class='ocrx_word' id='word_1_407' title='bbox 911 3797 1021 3850; x_wconf 74' lang='lat' dir='ltr'><strong>qunque</strong></span> <span class='ocrx_word' id='word_1_408' title='bbox 1032 3779 1154 3834; x_wconf 88' lang='lat' dir='ltr'><strong>hocloco</strong></span> 
     </span>
     <span class='ocr_line' id='line_1_41' title="bbox 96 3861 1156 3934; baseline 0.009 -20"><span class='ocrx_word' id='word_1_409' title='bbox 96 3879 224 3926; x_wconf 82' lang='lat' dir='ltr'><strong>occurrat,</strong></span> <span class='ocrx_word' id='word_1_410' title='bbox 235 3867 355 3920; x_wconf 85' lang='lat' dir='ltr'><strong>eamdem</strong></span> <span class='ocrx_word' id='word_1_411' title='bbox 367 3886 421 3920; x_wconf 72' lang='lat' dir='ltr'><strong>eoae</strong></span> <span class='ocrx_word' id='word_1_412' title='bbox 433 3867 546 3919; x_wconf 74' lang='lat' dir='ltr'><strong>dicimus</strong></span> <span class='ocrx_word' id='word_1_413' title='bbox 556 3885 616 3918; x_wconf 88' lang='lat' dir='ltr'><strong>oum</strong></span> <span class='ocrx_word' id='word_1_414' title='bbox 627 3866 723 3930; x_wconf 63' lang='lat' dir='ltr'><strong>Hippia,</strong></span> <span class='ocrx_word' id='word_1_415' title='bbox 733 3864 810 3934; x_wconf 61' lang='lat' dir='ltr'><strong>cujus</strong></span> <span class='ocrx_word' id='word_1_416' title='bbox 821 3875 899 3932; x_wconf 66' lang='lat' dir='ltr'><strong>poelfl</strong></span> <span class='ocrx_word' id='word_1_417' title='bbox 908 3863 960 3923; x_wconf 71' lang='lat' dir='ltr'><strong>Vl,</strong></span> <span class='ocrx_word' id='word_1_418' title='bbox 971 3863 1013 3924; x_wconf 60' lang='grc' dir='ltr'><strong>εἰ,</strong></span> <span class='ocrx_word' id='word_1_419' title='bbox 1026 3861 1156 3924; x_wconf 69' lang='lat' dir='ltr'><strong>meminit·</strong></span> 
     </span>
     <span class='ocr_line' id='line_1_42' title="bbox 95 3944 1156 4017; baseline 0.003 -19"><span class='ocrx_word' id='word_1_420' title='bbox 95 3945 217 4003; x_wconf 83' lang='lat' dir='ltr'><strong>babeanue</strong></span> <span class='ocrx_word' id='word_1_421' title='bbox 227 3953 357 4004; x_wconf 79' lang='lat' dir='ltr'><strong>senatoris</strong></span> <span class='ocrx_word' id='word_1_422' title='bbox 370 3951 483 4004; x_wconf 89' lang='lat' dir='ltr'><strong>Romani</strong></span> <span class='ocrx_word' id='word_1_423' title='bbox 495 3968 612 4003; x_wconf 79' lang='lat' dir='ltr'><strong>uxorem.</strong></span> <span class='ocrx_word' id='word_1_424' title='bbox 625 3951 664 4000; x_wconf 87' lang='lat' dir='ltr'><strong>De</strong></span> <span class='ocrx_word' id='word_1_425' title='bbox 677 3949 774 3997; x_wconf 71' lang='lat' dir='ltr'><strong>Catulla</strong></span> <span class='ocrx_word' id='word_1_426' title='bbox 786 3946 854 3996; x_wconf 91' lang='lat' dir='ltr'><strong>nihil</strong></span> <span class='ocrx_word' id='word_1_427' title='bbox 864 3946 927 3998; x_wconf 88' lang='lat' dir='ltr'><strong>certi</strong></span> <span class='ocrx_word' id='word_1_428' title='bbox 938 3944 1045 4017; x_wconf 82' lang='lat' dir='ltr'><strong>quidem</strong></span> <span class='ocrx_word' id='word_1_429' title='bbox 1056 3947 1156 4001; x_wconf 72' lang='lat' dir='ltr'><strong>diserta</strong></span> 
     </span>
     <span class='ocr_line' id='line_1_43' title="bbox 97 4029 1157 4102; baseline 0.003 -21"><span class='ocrx_word' id='word_1_430' title='bbox 97 4034 238 4087; x_wconf 76' lang='lat' dir='ltr'><strong>testimonia</strong></span> <span class='ocrx_word' id='word_1_431' title='bbox 250 4035 397 4099; x_wconf 86' lang='lat' dir='ltr'><strong>deliniunt,</strong></span> <span class='ocrx_word' id='word_1_432' title='bbox 416 4053 465 4086; x_wconf 88' lang='lat' dir='ltr'><strong>nec</strong></span> <span class='ocrx_word' id='word_1_433' title='bbox 485 4046 571 4086; x_wconf 86' lang='lat' dir='ltr'><strong>tamen</strong></span> <span class='ocrx_word' id='word_1_434' title='bbox 583 4041 740 4102; x_wconf 36' lang='lat' dir='ltr'><strong>&#39;repugnant</strong></span> <span class='ocrx_word' id='word_1_435' title='bbox 755 4046 888 4099; x_wconf 75' lang='lat' dir='ltr'><strong>generosae</strong></span> <span class='ocrx_word' id='word_1_436' title='bbox 904 4029 1025 4090; x_wconf 72' lang='lat' dir='ltr'><strong>familiae,</strong></span> <span class='ocrx_word' id='word_1_437' title='bbox 1045 4050 1103 4102; x_wconf 77' lang='lat' dir='ltr'><strong>qun</strong></span> <span class='ocrx_word' id='word_1_438' title='bbox 1123 4031 1157 4084; x_wconf 90' lang='lat' dir='ltr'><strong>de</strong></span> 
     </span>
     <span class='ocr_line' id='line_1_44' title="bbox 96 4109 1156 4184; baseline -0.002 -18"><span class='ocrx_word' id='word_1_439' title='bbox 96 4129 137 4177; x_wconf 87' lang='lat' dir='ltr'><strong>ea,</strong></span> <span class='ocrx_word' id='word_1_440' title='bbox 150 4115 170 4166; x_wconf 80' lang='lat' dir='ltr'><strong>si</strong></span> <span class='ocrx_word' id='word_1_441' title='bbox 183 4115 264 4168; x_wconf 87' lang='lat' dir='ltr'><strong>modo</strong></span> <span class='ocrx_word' id='word_1_442' title='bbox 279 4129 371 4171; x_wconf 72' lang='lat' dir='ltr'><strong>nostra</strong></span> <span class='ocrx_word' id='word_1_443' title='bbox 386 4115 652 4182; x_wconf 78' lang='lat' dir='ltr'><strong>luerit,1uven.ll,</strong></span> <span class='ocrx_word' id='word_1_444' title='bbox 673 4118 719 4180; x_wconf 70' lang='lat'><strong>49,</strong></span> <span class='ocrx_word' id='word_1_445' title='bbox 739 4122 765 4164; x_wconf 90' lang='lat' dir='ltr'><strong>et</strong></span> <span class='ocrx_word' id='word_1_446' title='bbox 780 4109 899 4164; x_wconf 86' lang='lat' dir='ltr'><strong>Martial.</strong></span> <span class='ocrx_word' id='word_1_447' title='bbox 918 4111 1003 4174; x_wconf 90' lang='lat' dir='ltr'><strong>Vlll,</strong></span> <span class='ocrx_word' id='word_1_448' title='bbox 1026 4111 1068 4175; x_wconf 81' lang='lat'><strong>53,</strong></span> <span class='ocrx_word' id='word_1_449' title='bbox 1088 4130 1156 4184; x_wconf 85' lang='lat' dir='ltr'><strong>praa·</strong></span> 
     </span>
    </p>
   </div>
   <div class='ocr_carea' id='block_1_9' title="bbox 222 4201 1009 4280">
    <p class='ocr_par' dir='ltr' id='par_1_10' title="bbox 222 4201 1009 4280">
     <span class='ocr_line' id='line_1_45' title="bbox 222 4201 1009 4280; baseline 0.004 -16"><span class='ocrx_word' id='word_1_450' title='bbox 222 4201 266 4268; x_wconf 87' lang='lat' dir='ltr'><strong>II.</strong></span> <span class='ocrx_word' id='word_1_451' title='bbox 988 4215 1009 4280; x_wconf 90' lang='lat'><strong>9</strong></span> 
     </span>
    </p>
   </div>
   <div class='ocr_carea' id='block_1_10' title="bbox 0 0 1528 4980">
    <p class='ocr_par' dir='ltr' id='par_1_11' title="bbox 0 0 1528 4980">
     <span class='ocr_line' id='line_1_46' title="bbox 0 0 1528 4980; baseline 0 0"><span class='ocrx_word' id='word_1_452' title='bbox 0 0 1528 4980; x_wconf 95' lang='lat' dir='ltr'><strong> </strong></span> 
     </span>
    </p>
   </div>
  </div>
 </body>
</html>
