3074 4990
444 474 619 540 smum
641 406 844 541 uncini.
1132 476 1175 560 ⁶9

113 584 303 656 Tradiderit
321 587 456 674 domus,
471 614 510 658 ac
523 603 649 658 veteres
663 589 792 657 imitata
800 589 965 674 Sabinos,

111 695 278 764 Praeterea
294 711 421 767 castum
436 698 629 792 ingenium,
645 695 840 792 vultumque
855 697 1004 768 modesto
1124 711 1176 764 300

111 804 284 899 Sanguine
299 804 484 876 ferventem
498 807 622 876 tribuat
635 821 755 878 natura
767 808 914 902 benigna

111 914 220 1009 Larga
237 939 363 1001 manu,
378 915 473 1012 (quid
486 918 574 986 euim
591 941 695 1010 puero
707 916 863 986 conferre
878 931 988 1011 potest
1001 913 1076 1009 plus

113 1025 261 1096 Custode
273 1040 308 1094 et
321 1041 531 1096 eurunutura
544 1026 715 1120 potentior
726 1023 866 1110 omnitl.

114 1135 193 1202 Nou
208 1133 291 1204 licet
306 1135 471 1206 esseviris
487 1161 496 1204 t
512 1161 589 1206 nam
604 1135 744 1230 prodiga
754 1135 962 1228 corruptoris

116 1245 319 1338 improbitas
333 1245 421 1338 ipsos
434 1244 533 1314 audet
552 1259 682 1314 tentare
695 1258 860 1338 parentes.
1129 1263 1178 1315 305

116 1355 221 1424 Tanta
234 1356 270 1422 in
284 1355 479 1424 muneribus
491 1352 628 1424 fiducia!
643 1353 753 1424 nullus
766 1353 933 1448 ephebum
1228 1347 1230 1352 ’

116 1461 313 1534 Deformem
332 1487 416 1536 saevu
429 1464 585 1532 castravit
599 1464 633 1531 in
649 1447 724 1532 erce
739 1477 920 1556 tyrannus3

115 1575 189 1642 Nec
202 1587 437 1666 pretextatum
453 1572 564 1665 rapuit
579 1573 673 1642 Nero
692 1569 891 1664 loripedem,
910 1569 962 1638 vel

115 1685 328 1758 strumosum
335 1734 347 1768 ,
360 1695 460 1775 atque
474 1695 580 1752 utero.
589 1682 713 1774 puriter
726 1681 893 1774 gibboque
910 1695 1105 1750 tumentem.

116 1795 253 1876 inune,
270 1805 304 1859 et
315 1791 453 1884 juvenis
466 1791 579 1883 speeie
591 1788 701 1860 laetare
720 1791 788 1875 tui,
805 1815 913 1886 quem
1128 1807 1180 1860 310

118 1901 250 1993 Major-a
268 1914 464 1993 exspectant
479 1896 689 1970 discrimina!
708 1898 766 1967 fiet
780 1898 911 1968 adulter

120 2007 294 2094 Publicus,
307 2026 342 2078 et
357 1996 475 2104 peenas
485 2025 627 2096 metuet,
638 2035 867 2105 quascumque
881 2011 992 2080 mariti

118 2121 258 2214 Exigere
272 2121 369 2206 irati3
385 2143 450 2189 nec
462 2121 526 2190 erit
537 2119 665 2190 felicior
677 2136 767 2189 nstro
871 2151 874 2156 ·

118 2230 250 2315 Manis,
264 2243 304 2297 ut
315 2229 356 2298 in
365 2226 501 2322 laqueos
517 2253 689 2320 nunquam
704 2228 830 2300 incidat
843 2253 851 2296 :
866 2230 968 2321 exigit
984 2245 1095 2300 autem

117 2338 295 2409 Interdum
309 2336 363 2407 ille
379 2337 477 2406 dolor
490 2336 580 2431 plus,
599 2361 699 2429 quam
714 2336 764 2407 lex
779 2334 846 2404 ulla
860 2335 968 2406 dolori
1133 2357 1183 2411 315

119 2449 312 2519 Concessit:
325 2461 424 2517 necat
434 2447 489 2516 hic
502 2445 612 2534 ferr03
626 2460 714 2516 secat
727 2444 782 2514 ille
795 2445 942 2514 eruentis

121 2631 173 2687 tice
187 2629 358 2705 disciplina,
377 2632 538 2706 priscorum
550 2631 725 2690 Sabinorum
738 2631 814 2702 ritu,
829 2630 927 2689 sobrie
938 2649 970 2688 uc
982 2647 1080 2688 severe
1097 2629 1186 2688 luerit

120 2721 270 2793 educatum
284 2723 416 2797 quumvis
427 2723 555 2780 iudolern
565 2723 738 2780 medruouire
746 2735 904 2795 umentem,
916 2723 1074 2780 modestum
1086 2721 1186 2778 furiem
1215 2715 1220 2726 '

120 2833 151 2870 ee
161 2813 274 2888 pudico
287 2815 397 2872 rubore
409 2813 545 2872 suffusum
557 2816 699 2892 occeperit
710 2835 726 2872 a
738 2817 864 2874 liberulis
876 2828 984 2873 nature
995 2818 1074 2892 largn
1086 2834 1186 2871 manu:

119 2903 218 2982 (quod
231 2907 313 2964 enirn
324 2908 381 2982 ipsi
395 2905 566 2966 beneficium
580 2910 761 2983 praesentius
776 2909 876 2985 largiri
886 2918 988 2964 nutura
998 2907 1115 2982 potest?
1126 2925 1189 2981 quer

119 3017 174 3054 uua
186 2999 325 3073 proiecto
334 2999 399 3073 plus
409 2999 579 3056 custodibus
589 3001 724 3057 erunibus
736 3011 766 3058 et
779 3001 962 3057 cautionibus
972 2999 1010 3054 sd
1022 2999 1191 3056 servandum

119 3090 300 3162 probitutem
314 3089 415 3168 velet).
433 3091 542 3148 Temen
557 3111 619 3150 non
630 3093 809 3168 permittitur
823 3111 872 3150 eos
885 3089 964 3148 viros
979 3102 1110 3148 exstaret
1124 3107 1192 3146 nuru

121 3183 249 3259 prodiga
268 3182 450 3258 corruptoris
471 3183 574 3240 nefarii
588 3185 697 3242 melitis
711 3185 798 3242 nudet
816 3184 894 3260 ipsos
912 3195 1044 3258 parentes
1061 3184 1192 3240 muueri-

124 3275 180 3332 bns
188 3275 356 3346 sollicitam
369 3276 443 3332 udeo
455 3287 533 3333 certa
546 3295 609 3352 spes
621 3277 652 3333 iu
665 3276 867 3354 largitionibus
879 3276 972 3333 adest!
986 3275 1084 3332 nullus
1094 3286 1192 3351 tyreu-

124 3385 184 3424 uus
192 3367 380 3441 puerumjurn
388 3367 543 3442 puberem,
551 3367 580 3424 si
585 3367 724 3425 deformis
734 3367 837 3438 fuerit,
848 3366 879 3423 in
892 3385 959 3423 urse
969 3365 1034 3422 dire
1045 3365 1191 3422 castravit:

125 3469 156 3514 et
167 3459 245 3514 Nero
254 3459 456 3535 ingenuum-sc
469 3459 599 3516 nobilem
608 3477 755 3534 nunquam
768 3459 865 3534 rupuit
870 3500 880 3528 ,
895 3459 922 3515 ei
932 3456 1061 3514 distortis
1072 3455 1195 3530 pedibus

126 3552 338 3626 anteempbula
351 3550 546 3622 laborantem,
561 3551 586 3608 si
596 3563 698 3609 ventre
710 3550 820 3626 puriter
833 3569 866 3606 ec
875 3549 966 3624 gibbo
975 3557 1138 3623 turgentem
1151 3546 1196 3602 in·

126 3641 247 3698 venerit.
260 3642 343 3698 Vade
356 3659 447 3711 nunc,
462 3653 491 3698 et
503 3641 598 3719 gaude
608 3642 724 3716 juvenis
740 3643 783 3699 tui
799 3637 1031 3716 pulchritudine,
1046 3657 1133 3714 quern
1145 3658 1196 3696 ex-

127 3745 255 3809 spectent
267 3732 377 3807 mejoru
390 3734 530 3809 pericula!
546 3733 598 3792 det
612 3734 744 3809 publicus
756 3733 888 3791 omniurn
901 3741 1100 3788 muuonerum
1114 3731 1198 3787 udul-

129 3835 188 3893 κη
199 3837 227 3882 et
239 3843 357 3882 ornnem
369 3823 484 3882 timebit
495 3825 652 3897 ultionem,
666 3845 752 3901 quem
766 3824 834 3882 irati
846 3841 945 3880 eurum
958 3821 1055 3880 meriti
1068 3833 1198 3898 repetere

129 3918 231 3974 volent
244 3938 251 3972 :
263 3935 358 3992 neque
373 3915 487 3974 felicior
504 3916 573 3987 erit,
588 3935 674 3992 quern
685 3916 747 3992 ipse
759 3915 830 3974 deus
844 3917 940 3987 Mers,
951 3913 991 3971 itu
1005 3925 1040 3972 ut
1051 3933 1198 3990 unuquum

13 4039 14 4080 t
129 4009 314 4072 inadulterio
324 4008 535 4084 deprehensum
546 4007 1035 4084 nudesinvolvcntlequeizporro
1046 4007 1095 4064 ille
1103 4007 1201 4065 mariti
1232 4055 1238 4062 .

129 4099 192 4156 lreei
201 4100 291 4157 dolor
306 4114 403 4174 poeeus
416 4099 506 4176 exigit
520 4099 655 4173 majores,
675 4100 822 4174 quum-lex
837 4099 898 4158 ullu
910 4098 1003 4173 possit
1013 4097 1111 4155 dolori
1127 4115 1200 4154 cou-

132 4193 246 4252 oedere.
260 4191 316 4254 Hic
327 4192 425 4270 gladio
435 4191 553 4268 perimit
561 4212 571 4262 3
580 4191 629 4252 ille
642 4190 867 4268 sanguinolentis
877 4190 983 4250 ictibus
993 4189 1119 4248 moecbos
1131 4207 1202 4246 cou-
