3074 4990
986 163 1007 210 Χ

304 445 325 508 6
579 445 619 508 D.
649 443 788 508 JUNII
817 443 1102 508 JUVENALIS

302 561 430 627 Servus
446 558 510 627 erit
525 559 636 628 minus
654 543 709 628 ille
727 559 846 644 miser,
863 559 921 654 qui
935 558 1063 628 foderit
1076 581 1212 652 agrum,
1343 563 1376 630 45

304 670 414 758 Quam
436 667 624 739 dominum!
642 669 708 738 Sed
724 683 761 736 tu
778 691 857 736 sane
877 683 1032 739 tenerum
1049 685 1083 737 et
1099 693 1241 764 puerum
1260 682 1309 753 te,

304 783 350 850 Et
367 780 566 874 pulchrum,
582 795 618 862 et,
632 779 773 874 dignum
791 777 914 872 cyatho
932 778 1082 874 caeloque
1099 781 1249 874 putabas.

303 893 375 960 Vos
390 891 508 960 humili
525 890 682 976 adseclae,
698 914 757 958 vos
773 887 989 982 indulgebitis
1004 913 1164 984 umquam

273 983 276 990 Δ
306 999 454 1085 Cultori,
468 1000 538 1092 jam
554 1025 618 1069 nec
631 1001 752 1068 morbo
768 999 895 1068 donare
912 999 1039 1092 parati?

306 1111 359 1180 Eu
374 1109 429 1176 cui
446 1123 482 1177 tu
498 1109 643 1180 viridem
659 1107 859 1193 umbellam,
874 1110 929 1177 cui
945 1109 1082 1178 succina
1097 1107 1210 1177 mittas
1344 1119 1377 1172 50

306 1217 473 1302 Grandia,
490 1216 609 1286 natalis
626 1217 759 1310 quoties
776 1217 883 1303 redit,
903 1233 961 1287 aut
977 1217 1151 1286 madidum
1170 1243 1231 1286 ver

306 1328 451 1420 Incipit,
466 1342 502 1396 et
517 1342 622 1396 strata
637 1325 768 1421 positus
782 1327 948 1422 longaque
965 1329 1124 1398 cathedra

308 1437 455 1505 Munera
469 1435 625 1504 femineis
642 1451 764 1506 tractat
776 1453 905 1507 secreta
921 1435 1093 1509 Calendis-l

357 1546 439 1630 Dic,
458 1569 589 1638 passer,
605 1547 659 1614 cui
674 1559 726 1614 tot
740 1562 892 1632 montes,
909 1562 960 1616 tot
975 1547 1101 1642 praedia
1116 1571 1227 1616 servas

309 1653 460 1748 Appula,
478 1670 529 1724 tot
543 1655 662 1724 milvos
679 1657 767 1724 intra
783 1672 841 1725 tua
855 1678 977 1752 pascua
994 1655 1117 1726 lassos?
1347 1665 1379 1719 55

309 1767 358 1833 Te
371 1763 555 1837 Trifolinus
571 1789 652 1861 ager
668 1765 823 1835 fecundis
837 1767 962 1835 vitibus
977 1766 1111 1861 implet,

310 1876 579 1970 Suspectumque
593 1876 715 1970 jugum
731 1877 866 1961 Cumis,
881 1891 915 1944 et
930 1877 1064 1945 Gaurus
1079 1877 1198 1945 inanis.

311 1986 399 2053 Nam
415 1985 489 2078 quis
503 1985 601 2079 plura
617 1985 691 2054 linit
707 1986 840 2055 victuro
853 1985 942 2055 dolia
957 1985 1091 2054 musto?

312 2093 486 2181 Quantum
501 2109 573 2162 erat
587 2096 738 2164 exhausti
754 2094 885 2164 lumbos
900 2095 1027 2164 donare
1041 2095 1172 2163 clientis

313 2205 332 2270 J
335 2204 493 2297 ugeribus
507 2203 642 2300 paucis?
655 2205 815 2275 meliusne
831 2206 886 2275 hic
902 2207 1046 2274 rusticus
1061 2205 1189 2288 infans,
1349 2220 1382 2266 so

314 2317 401 2383 Cum
417 2330 540 2403 matre,
554 2331 589 2384 et
605 2316 744 2402 casulis,
758 2331 793 2385 et
808 2316 974 2386 collusore
990 2315 1127 2400 catello,

313 2519 365 2595 qui
380 2518 531 2578 dominum
546 2520 671 2580 foderit!
687 2522 747 2588 Tu,
765 2521 885 2589 scilicet,
906 2531 935 2577 te
951 2521 1121 2590 delicatum,
1139 2531 1167 2576 te
1180 2517 1384 2592 juvenculum,

313 2621 343 2668 et
353 2611 520 2684 pulchrum,
533 2593 696 2667 ct⁶alterum
711 2612 907 2687 Ganymedem
922 2614 991 2668 caelo
1001 2624 1029 2668 et
1038 2631 1141 2668 ruensae
1155 2611 1277 2668 deorum
1288 2607 1388 2664 minis-

316 2687 392 2758 terio
403 2702 524 2778 dignum
535 2704 664 2777 putabas.
675 2703 755 2772 Quid
765 2722 843 2760 nuuc
854 2704 970 2774 mirum,
984 2723 1047 2774 vos,
1059 2703 1164 2760 divites
1172 2703 1266 2770 avari,
1279 2700 1388 2756 nullum

315 2811 401 2868 opem
410 2794 487 2852 ferre
500 2794 598 2850 clienti
608 2803 637 2851 et
643 2795 754 2852 assecla
764 2814 871 2872 egeno,
883 2816 973 2872 quum
984 2815 1020 2852 ne
1033 2796 1081 2852 ille
1091 2795 1209 2871 quidem
1223 2795 1274 2869 qui
1286 2803 1387 2848 vestrae

313 2884 445 2942 libidinis
465 2885 571 2942 morbo
591 2885 726 2958 inservit,
749 2887 909 2964 quidquam
930 2890 1065 2946 obtinere
1086 2887 1190 2963 queat?
1210 2889 1254 2944 En
1275 2886 1389 2942 lorsuo·

316 2977 411 3032 sulum
430 2977 529 3044 illum,
546 2976 594 3032 cui
609 2995 624 3033 a
642 2987 670 3034 te
685 2995 805 3035 munere
819 2980 988 3048 mittantur,
1004 2979 1106 3036 viridis
1123 2979 1232 3035 scilicet
1247 2976 1387 3044 umbella,

316 3077 345 3124 et
357 3066 481 3142 grandes
495 3066 613 3122 armillae
626 3085 660 3122 ex
674 3069 791 3126 succino
807 3067 902 3141 lectu,
917 3071 1031 3145 quotics
1044 3070 1105 3144 ejus
1118 3069 1219 3126 natulis
1234 3068 1325 3139 redit,
1339 3079 1391 3126 eut

315 3157 412 3234 primo
424 3156 500 3214 veris
513 3157 625 3214 humidi
636 3157 698 3228 die,
715 3179 805 3234 quum
818 3161 850 3218 iu
863 3163 950 3239 longe
964 3163 1117 3232 cathedra,
1131 3161 1275 3237 tapetibus
1286 3173 1316 3218 et
1326 3181 1391 3218 cer·

316 3249 456 3308 riualibus
477 3249 605 3306 molliter
626 3261 772 3308 constrata
792 3255 969 3325 collocatus,
995 3255 1179 3331 recognoscit
1201 3253 1391 3328 manssrusque

318 3354 421 3401 tractet
438 3343 514 3400 dona
527 3341 582 3398 sibi
600 3355 716 3430 secretot
724 3344 810 3401 missa
823 3345 936 3402 Martiis
951 3347 1092 3418 calendis,
1109 3365 1171 3422 que
1187 3367 1204 3402 a
1220 3346 1390 3404 mulieribus

318 3435 510 3492 celebrantur.
925 3443 929 3456 '

358 3534 406 3602 49.
427 3527 496 3598 Dic,
507 3527 611 3585 lascive
619 3547 725 3602 passer,
735 3529 848 3588 cuinam
857 3549 983 3589 reservas
996 3543 1040 3590 tot
1049 3544 1177 3603 montes,
1190 3543 1235 3590 tot
1244 3533 1275 3590 in
1287 3533 1391 3609 Apulia

321 3638 452 3693 campos,
469 3631 499 3676 et
515 3620 665 3678 latifundia
678 3632 735 3676 tam
750 3622 806 3678 late
819 3623 965 3700 longeque
977 3625 1119 3699 petentia,
1136 3637 1170 3682 nt
1184 3626 1217 3681 in
1231 3625 1288 3680 illis
1300 3635 1394 3681 truns-

322 3710 454 3768 volnndis
469 3711 523 3786 ipsi
538 3713 621 3768 milvi
634 3713 847 3791 defatigemur?
861 3725 890 3772 te
902 3735 970 3793 ager
982 3717 1142 3775 Trifolinus
1156 3705 1335 3774 feracissimis
1346 3717 1392 3771 vi-

319 3803 382 3860 neis
395 3804 569 3878 locupletem
582 3804 649 3861 lacit
656 3848 665 3876 ,
677 3807 803 3882 itemque
811 3821 914 3866 vertex
924 3809 973 3867 ille
986 3813 1084 3868 Cumis
1095 3813 1218 3884 desuper
1227 3809 1393 3881 imminens,

322 3909 352 3955 et
366 3901 480 3956 Gaurus
494 3897 595 3955 inanis.
613 3900 686 3970 Quis
702 3903 777 3958 enim
792 3905 904 3977 plures,
923 3923 1010 3979 quam
1027 3917 1075 3974 tu,
1090 3903 1152 3959 vini
1169 3905 1289 3978 longum
1309 3904 1394 3960 dura·

320 3991 380 4047 turi
395 3991 481 4048 cados
492 3991 625 4049 recondit
638 4003 668 4050 et
680 3994 743 4068 picc
755 3996 891 4052 obturet?
906 3999 1016 4066 Quanti
1030 4007 1126 4052 nutem
1139 3993 1193 4050 tibi
1205 3995 1392 4064 constitisset,

320 4084 344 4140 si
355 4085 522 4141 exhaustum
534 4086 666 4143 obscaeno
677 4089 777 4146 labore
791 4090 925 4147 clientem
936 4093 1034 4166 paucis
1049 4088 1111 4166 agri
1126 4089 1278 4166 jugeribus
1289 4091 1395 4148 dones·

319 4176 379 4233 ses?
390 4177 467 4233 Num
477 4187 560 4251 putas
565 4177 670 4251 justius
681 4179 874 4253 traiecturum,
885 4183 966 4256 quod
980 4193 1009 4239 et
1017 4184 1095 4238 hunc
1104 4181 1244 4239 rusticum
1255 4183 1394 4239 infantem
