3036 4984
422 460 611 525 SATIRA
633 459 918 526 UNDECIMA.
1146 451 1207 523 155

181 577 316 644 Interea
330 573 562 670 Megalesincae
576 572 767 668 spectacula
782 597 915 668 mappae

133 681 259 752 ldaeum
276 683 414 754 solenne
429 682 564 770 colunt,
583 683 768 779 similisque
785 684 963 780 triumpho

131 793 247 862 Praeda
260 795 468 865 caballorum
483 798 612 866 Praetor
624 793 731 882 sedet,
755 819 810 880 uc,
827 795 910 866 mihi
928 819 1007 890 pace

131 907 311 974 Immensae
328 906 504 1000 nimiaeque
519 904 595 976 licet
610 907 639 976 si
657 907 770 977 dicere
785 905 908 1000 plebis,

129 1015 247 1084 Totam
263 1014 367 1084 hodie
382 1019 524 1085 Romam
540 1017 649 1086 circus
665 1017 772 1112 capit;
788 1029 822 1085 et
837 1013 952 1110 fragor
965 1037 1080 1086 aurem
1157 1033 1207 1100 195

129 1124 295 1210 Percutit,
315 1141 474 1196 eventum
490 1127 606 1197 viridis
619 1153 689 1222 quo
708 1125 829 1224 colligo
845 1126 959 1222 panni.

129 1237 214 1304 Nam
230 1237 257 1305 si
274 1237 448 1326 deficeret,
464 1253 614 1308 moestam
634 1239 877 1333 attonitamque
890 1240 1019 1309 videres

129 1347 225 1415 Hanc
242 1345 382 1431 urbem,
397 1346 501 1417 veluti
514 1351 708 1418 Cannarum
723 1349 758 1416 in
775 1347 915 1442 pulvere
930 1348 1026 1424 victis

132 1454 347 1526 Consulibus.
366 1459 527 1552 Spectent
541 1459 702 1552 juvenes,
722 1483 807 1551 quos
822 1457 950 1527 clamor
964 1473 999 1528 et
1015 1456 1123 1528 audax

131 1567 295 1660 sponsio,
314 1591 400 1660 quos
417 1565 515 1636 cultae
531 1567 628 1636 dccet
641 1565 808 1635 adsedisse
823 1567 960 1661 puellae3
1158 1603 1212 1638 που

132 1679 296 1771 Spectent
310 1676 377 1745 hoc
393 1690 508 1771 nuptae
522 1676 617 1769 juxta
632 1677 816 1746 recubante
832 1677 968 1764 marito,

130 1787 232 1876 Quod
247 1786 376 1882 pudeat
391 1811 543 1856 narrasse
558 1785 701 1882 aliquem
718 1789 939 1882 praesentibus
954 1787 1045 1883 ipsis.

132 1900 257 1968 Nostra
271 1898 366 1967 bibat
383 1922 525 1966 vernum
540 1913 715 1968 contracta
731 1898 879 1970 cuticula
894 1899 998 1968 solem

135 2008 352 2106 Effugiatque
368 2024 491 2104 togam.
505 2012 578 2078 Jam
599 2034 690 2080 nunc
707 2010 742 2078 in
756 2009 888 2096 balnea,
907 2010 998 2081 salva

134 2121 274 2206 ante,
294 2117 372 2192 licet
385 2118 500 2207 vadas,
515 2145 720 2215 quamquam
734 2119 839 2190 solida
853 2121 938 2208 bora
953 2121 1098 2217 supersit
1163 2131 1212 2182 ²05

171 2375 239 2432 ¹9¹·
260 2357 339 2412 Dum
349 2375 403 2412 uos
412 2356 504 2430 epulis
514 2347 675 2430 ‘frugalibus
687 2374 806 2429 operam
821 2354 860 2411 itu
871 2355 1019 2424 dabimus,
1033 2355 1082 2413 alii
1097 2366 1211 2430 specta-

130 2447 302 2506 buntludos
310 2448 424 2506 solenni
435 2467 542 2523 pompa
551 2448 582 2503 in
593 2447 737 2504 honorem
747 2448 830 2504 ldaeae
841 2448 943 2504 Matris
952 2448 1108 2517 celebrari,
1120 2458 1147 2503 et
1161 2467 1213 2522 per

132 2561 298 2617 suspensam
312 2541 342 2598 in
356 2542 441 2598 Circo
456 2559 588 2616 mappam
603 2539 769 2597 denuntiari
783 2538 895 2598 solitos.
909 2542 1021 2596 Praetor
1035 2540 1137 2594 babitu
1150 2541 1213 2596 cul-

132 2645 226 2710 tuque
241 2634 480 2708 triumphantium
499 2633 619 2710 insignis
635 2653 723 2690 curru
741 2631 893 2704 insidebit,
912 2634 994 2709 equis
1011 2633 1214 2708 undecumque

133 2747 185 2802 per
198 2727 258 2784 rim
269 2727 387 2795 ablatis,
400 2728 506 2802 quibus
518 2728 626 2784 adhaec
638 2729 799 2804 spectacula
809 2727 920 2785 edenda
932 2727 1065 2804 plurimis
1076 2737 1119 2784 est
1130 2747 1214 2802 opus.

134 2823 206 2877 Tota
229 2819 319 2877 bodie
337 2821 446 2890 Roma,
467 2820 548 2895 quod
567 2839 638 2896 pace
656 2831 714 2878 tam
733 2821 881 2878 numerosi
899 2821 1002 2896 populi
1023 2821 1163 2891 dixerim,
1183 2821 1215 2876 in

134 2915 244 2972 circum
259 2911 406 2970 confluet:
421 2913 480 2989 jam
495 2913 632 2970 exaudire
646 2913 751 2971 videor
765 2916 905 2972 clamores
921 2914 1101 2984 inconditos,
1116 2933 1132 2970 e
1148 2915 1215 2990 qui-

134 3008 187 3064 bus
202 3005 331 3080 conjicio
350 3006 492 3063 victorem
507 3005 668 3064 discessisse
679 3007 804 3082 aliquem
820 3027 835 3064 e
854 3007 956 3064 viridis
971 3007 1060 3082 panni
1074 3006 1215 3078 factione,

135 3120 197 3176 qua
210 3100 236 3156 si
253 3099 292 3154 ab
302 3098 412 3155 seruulis
427 3097 601 3156 factionibus
616 3099 791 3169 vinceretur,
808 3101 931 3157 Romam
945 3119 1077 3158 cerneres
1089 3119 1216 3158 moerore

139 3215 167 3250 ac
179 3205 302 3268 stupore
317 3193 497 3260 conlectam,
514 3192 593 3248 haud
608 3193 693 3249 aliter
707 3203 793 3268 atque
807 3193 895 3265 olim,
915 3213 1005 3268 quum
1021 3191 1052 3248 in
1071 3193 1217 3250 Cannensi
1330 3200 1334 3209 ¹

140 3287 234 3360 pretio
248 3285 310 3342 duo
323 3285 455 3342 consules
469 3282 615 3362 profligati
628 3285 755 3341 fuerunt.
774 3282 857 3351 Istis,
875 3303 929 3361 per
942 3303 988 3342 me
1005 3284 1091 3354 licet,
1103 3296 1215 3360 specta-

140 3378 206 3436 culis
216 3377 354 3436 intersint
364 3378 572 3446 adolesceutee,
583 3395 656 3452 quos
667 3377 788 3434 delectu
797 3377 946 3453 strepitus,
956 3396 1030 3451 quos
1036 3377 1119 3451 jurat
1130 3396 1216 3452 spon·

137 3474 244 3532 sionem
258 3491 326 3530 curu
342 3472 432 3529 obvio
444 3471 576 3546 quolibet
585 3471 679 3528 fucere
690 3469 726 3526 de
740 3471 825 3528 variis
837 3466 975 3527 ludorum
985 3470 1152 3538 eventibus;
1163 3470 1214 3546 qui

138 3579 252 3642 captant
269 3567 384 3635 locum,
400 3565 452 3621 ubi
467 3563 644 3621 mulierculis
653 3562 839 3637 politioribus
847 3561 1006 3618 assideant:
1019 3572 1115 3636 nuptae
1130 3561 1215 3618 etium

137 3660 271 3717 intersint
291 3678 357 3716 curn
379 3658 483 3714 marito
500 3658 582 3732 juxte
597 3657 772 3727 recubante,
790 3667 819 3713 et
836 3665 967 3731 spectent
981 3653 1030 3711 illa
1045 3674 1108 3729 quae
1128 3675 1216 3714 uerno

139 3773 233 3811 coram
248 3753 318 3830 ipsis
333 3769 452 3809 narrare
461 3763 540 3828 gesta
550 3751 611 3808 sine
622 3750 736 3825 pudore
753 3749 852 3824 possit.
866 3750 943 3817 Nos,
956 3757 1060 3823 utpote
1073 3749 1218 3820 seniores,

139 3866 270 3924 rugosam
287 3857 384 3904 cutem
397 3845 453 3902 soli
466 3863 558 3902 verno
576 3853 604 3900 et
620 3842 753 3898 clementi
769 3859 965 3917 exponamus,
981 3852 1009 3898 et
1025 3843 1107 3900 urbis
1121 3863 1154 3900 ac
1172 3855 1218 3901 to-

140 3952 209 4018 gatae
224 3940 291 3996 vitae
309 3938 454 3996 molestias
467 3937 636 3995 devitemus.
654 3938 740 3992 Potes
755 3937 814 4009 jam
831 3936 966 3991 balneum
982 3945 1097 4008 petere,
1116 3955 1216 4008 quam-

141 4034 184 4090 uis
203 4035 275 4090 bora
298 4032 336 4090 sit
355 4041 422 4107 post
444 4041 541 4088 ortum
564 4030 633 4088 solis
653 4030 794 4086 duntaxat
817 4026 939 4104 quintu,
969 4027 1058 4101 idque
1077 4029 1216 4104 impune,

142 4145 172 4184 ac
192 4128 299 4184 nullius
319 4125 574 4202 reprehensionem
594 4134 734 4182 metuens.
760 4123 835 4179 Sane
858 4122 961 4179 boram
983 4121 1079 4178 balnei
1102 4122 1217 4178 solitam

143 4231 337 4292 antevertere,
352 4241 384 4279 uc
403 4221 503 4297 genio,
521 4231 555 4278 ut
573 4239 589 4276 a
607 4219 693 4277 nobis
711 4219 799 4277 hodie
818 4219 963 4295 paulisper
979 4215 1044 4287 fiet,
1064 4214 1219 4294 indulgere
1255 4225 1259 4233 '
