3074 4990
358 449 399 513 52
631 447 671 511 D.
700 443 838 512 JUNII
866 445 1146 513 IUVENALIS

356 561 577 654 Temporibus
592 558 673 629 diris
688 559 809 657 igitur,
824 561 986 654 jussuque
1000 561 1163 646 Neronis,
1394 567 1423 621 1⁵

356 673 569 766 Longinum,
591 684 625 738 et
643 695 782 767 magnos
797 674 929 741 Senecae
946 669 1128 766 praedivitis
1145 670 1260 738 hortos

355 779 497 866 Clausit,
511 791 544 848 et
557 779 704 876 egregias
717 783 962 850 Lateranorum
975 781 1104 849 obsidet
1116 779 1204 848 aedes

355 890 440 958 Tota
454 889 598 957 cohors:
613 913 708 957 rarus
721 889 814 957 venit
828 889 864 958 in
878 887 1049 958 coenacula
1062 887 1165 956 miles.

355 1000 467 1067 Pauca
484 994 561 1066 licet
578 1013 694 1092 portes
710 999 839 1094 argenti
855 996 989 1067 vascula
1003 999 1099 1094 puri,

354 1113 464 1181 Nocte
485 1111 550 1180 iter
568 1111 737 1206 ingressus
755 1103 903 1206 gladium
920 1126 1126 1206 contumque
1144 1110 1290 1192 timebis,
1392 1141 1427 1174 ιο

353 1223 399 1290 Et
413 1235 513 1290 motae
525 1219 568 1289 ad
585 1219 699 1290 lunam
716 1220 897 1316 trepidabis
910 1220 1084 1290 arundinis
1099 1221 1251 1289 umbram
1267 1243 1274 1286 :

353 1329 509 1400 Cantabit
522 1356 645 1400 vacuus
660 1356 774 1401 coram
789 1330 920 1401 latrone
935 1333 1054 1401 viator.

402 1441 513 1508 Prima
531 1439 600 1508 fere
619 1455 713 1530 vota,
732 1455 765 1510 et
783 1442 913 1509 cunctis
932 1442 1104 1510 notissima
1122 1437 1269 1532 templis,

353 1551 509 1638 Divitiae;
528 1565 680 1620 crescant
697 1565 736 1618 ut
753 1573 853 1644 opes,
869 1564 909 1618 ut
924 1551 1066 1618 maxima
1085 1564 1157 1618 toto

354 1661 479 1729 Nostra
496 1657 538 1728 sit
554 1683 632 1728 arca
649 1657 726 1732 foro
743 1684 751 1726 :
771 1657 830 1727 sed
846 1657 939 1728 nulla
952 1661 1084 1728 aconita
1099 1658 1262 1727 bibuntur
1391 1675 1424 1726 25

322 1755 329 1766 ⁶
353 1765 547 1836 Fictilibus:
567 1781 649 1836 tunc
668 1759 723 1834 illa
741 1767 836 1853 time,
855 1791 960 1860 quum
980 1765 1101 1861 pocula
1118 1791 1244 1835 sumes-

352 1879 549 1962 Gemmata,
569 1891 603 1946 et
622 1875 688 1946 lato
706 1877 860 1946 Setinum
877 1877 1006 1946 ardebit
1025 1878 1059 1945 in
1078 1901 1172 1945 auro.

399 1987 418 2054 J
421 2009 519 2055 amne
536 1986 638 2081 igitur
655 1983 787 2072 laudas,
808 1985 899 2081 quod
921 1985 962 2056 de
982 1985 1187 2080 sapientibus
1204 1982 1288 2053 alter

352 2095 514 2181 Ridebat,
535 2095 665 2189 quoties
680 2093 727 2163 de
745 2092 860 2163 limine
879 2113 1030 2166 moverat
1047 2121 1152 2164 unum

354 2192 610 2300 protuleratque
624 2205 761 2300 pedem,
776 2205 877 2276 flebat
891 2209 1078 2276 contrarius
1091 2201 1230 2275 auctor?
1389 2221 1424 2273 30

353 2429 403 2476 est.
427 2419 469 2476 Ee
488 2436 584 2477 caussa
606 2421 745 2481 nimirum
768 2425 845 2496 fnit,
870 2441 923 2481 cur
948 2419 1128 2496 temporibus
1151 2419 1190 2475 ob
1213 2417 1426 2492 imperatorum

351 2510 489 2566 saevitiam
509 2511 643 2586 funestis,
663 2517 782 2587 milites,
804 2518 925 2592 jubente
947 2517 1079 2584 Nerone,
1099 2513 1129 2569 in
1147 2511 1280 2570 laterani
1297 2521 1326 2566 et
1344 2511 1426 2567 Lon-

351 2600 414 2676 gini
432 2603 596 2678 splendidas
611 2606 701 2679 edes,
721 2610 753 2664 in
770 2609 869 2665 villam
892 2609 1037 2683 ingentem
1057 2608 1173 2664 Senecae
1193 2603 1282 2678 regali
1303 2613 1426 2677 sumptu

353 2704 539 2766 exstructam,
566 2697 686 2756 immissi
708 2701 818 2757 fuerim
831 2701 882 2776 qui
905 2719 951 2756 eas
974 2698 1157 2768 obsiderent,
1180 2715 1213 2752 ac
1235 2695 1369 2753 dominos
1385 2694 1426 2750 ad

351 2797 476 2843 mortem
491 2787 651 2864 redigerent.
676 2793 755 2848 Raro
777 2793 808 2848 in
832 2804 959 2866 angusta
979 2792 1130 2845 coenacala
1152 2787 1282 2842 cohortes
1296 2797 1426 2842 ormatoe

353 2879 511 2934 mittuntur.
534 2881 672 2950 Quamvis
692 2881 766 2940 leras
790 2901 879 2958 pauca
897 2902 932 2939 ex
951 2895 1073 2960 argento
1092 2898 1153 2937 non
1174 2879 1272 2935 caelato
1289 2895 1374 2948 resa,
1398 2878 1427 2934 si

352 2987 406 3043 per
422 2981 539 3027 noctem
559 2973 611 3028 vire
630 2985 659 3030 te
676 2974 850 3045 committas,
870 2975 1012 3032 latronem
1030 2973 1218 3031 nibilominus
1235 2970 1331 3048 gladio
1348 2990 1427 3028 con-

353 3068 443 3134 toque
463 3073 605 3118 armetum
621 3063 809 3136 formidabis,
831 3067 915 3124 etad
938 3066 1072 3123 umbram
1087 3063 1237 3120 arundinis
1257 3073 1346 3118 vento
1366 3063 1425 3118 sub

352 3151 451 3208 lunam
466 3153 580 3228 agitate
595 3159 775 3232 expallesces.
791 3161 894 3217 Viator
908 3171 1030 3236 argento
1045 3175 1152 3215 vacuus
1166 3156 1198 3212 in
1213 3155 1332 3211 latronis
1348 3173 1427 3212 con-

352 3255 453 3318 spectu
467 3257 559 3302 canet.

394 3335 441 3392 23.
464 3335 500 3393 Id
514 3338 644 3398 homines
659 3344 720 3402 fere
733 3364 834 3404 omnes
848 3346 952 3404 misere
964 3344 1096 3419 cupiunt3
1111 3343 1168 3398 idn
1182 3341 1300 3415 Superis
1312 3340 1425 3414 palem,

353 3443 443 3501 quum
458 3427 567 3486 adeunt
582 3435 699 3507 templa,
711 3433 876 3510 postulant,
891 3449 923 3494 ut
938 3445 1097 3512 augeantur
1112 3432 1233 3500 divitiis,
1250 3431 1355 3506 opibus
1360 3450 1369 3500 ;
1387 3441 1426 3486 ut

353 3537 455 3576 eorum
471 3538 536 3578 arca
551 3525 674 3581 maxima
692 3527 730 3583 sir
747 3530 825 3586 inter
839 3531 916 3601 illas,
931 3549 995 3605 quae
1010 3537 1163 3584 servantur
1176 3525 1207 3580 in
1221 3525 1297 3580 foro.
1316 3522 1375 3580 Sed
1390 3522 1426 3578 iu

353 3611 465 3684 poculis
474 3631 512 3668 ex
519 3615 620 3690 argilla
631 3615 704 3676 fletis
714 3621 786 3678 nihil
798 3633 840 3679 est
852 3643 869 3678 a
878 3639 992 3678 veneno
1002 3618 1137 3695 periculi;
1152 3629 1221 3673 tunc
1232 3615 1305 3672 illud
1316 3615 1426 3672 merito

353 3700 524 3772 reformida,
541 3707 657 3779 qnando
671 3729 775 3768 aureus
789 3714 926 3790 scyphus,
942 3711 1062 3789 gemmis
1079 3719 1214 3781 ornatus,
1236 3717 1266 3764 et
1279 3723 1426 3782 generoso

353 3794 456 3867 plenus
471 3795 558 3866 vino,
573 3813 607 3856 ut
618 3803 735 3876 Setino,
751 3806 806 3862 tibi
818 3807 994 3883 porrigetur.

393 3886 441 3942 28.
465 3888 564 3957 Quum
574 3892 634 3949 berc
649 3893 689 3951 ito
697 3915 729 3954 se
741 3899 882 3970 babeant,
895 3917 993 3956 noune
1002 3896 1062 3972 jam
1075 3894 1181 3952 merito
1193 3890 1353 3950 laudandos
1363 3909 1428 3948 esse

353 3978 491 4055 intelligis
512 3983 612 4042 ambos
624 3987 690 4044 illos
705 3991 911 4068 philosophos,
929 4008 1055 4066 quorum
1072 3989 1154 4055 alter,
1168 3973 1313 4061 quotiesc
1332 3984 1425 4042 domo

352 4071 485 4146 prodiret
505 4074 536 4130 in
551 4077 713 4152 poblicum,
727 4084 805 4154 risu,
820 4087 894 4142 alter
904 4095 1005 4140 contra
1018 4081 1089 4138 fletu
1104 4079 1279 4137 dementiam
1295 4089 1324 4134 et
1340 4078 1424 4152 inep-

353 4159 405 4218 tias
424 4162 574 4224 hominurn
590 4174 841 4248 prosequebatur?
864 4175 989 4233 Videtur
1003 4185 1098 4231 tamen
1114 4189 1173 4229 esse
1196 4169 1306 4226 facilius
1325 4188 1425 4229 mores
