3036 4984
205 670 536 820 sirmi
580 673 1068 793 uunaciul.

108 1171 286 1282 Amcus
301 1210 419 1278 eximie
435 1211 462 1278 si
481 1225 606 1296 coenat,
622 1206 729 1276 lautus
745 1209 904 1298 habetur3

105 1318 137 1384 Si
156 1315 313 1405 Rutilus,
333 1319 469 1388 demens
485 1319 590 1412 :quid
612 1319 702 1386 enim
722 1319 847 1412 majore
865 1322 1028 1392 cachinno

106 1429 282 1522 Excipitur
297 1427 404 1522 vulgi,
424 1453 524 1522 quam
542 1452 671 1522 pauper
687 1429 845 1521 Apicius?
862 1433 970 1502 omnis

107 1538 311 1625 Convictus,
330 1539 483 1626 thermae,
500 1541 673 1626 stationes,
690 1556 789 1606 omne
806 1540 971 1610 theatrum

106 1651 157 1718 De
171 1648 312 1718 Rutilo:
328 1675 406 1718 narn
422 1649 502 1720 dum
518 1647 627 1716 valida
643 1672 681 1716 ac
697 1646 860 1741 juvenilia
875 1653 1026 1721 membra
1159 1671 1174 1722 5

107 1756 290 1827 Sufficiunt
304 1757 421 1854 galeae,
439 1759 585 1852 dumque
602 1758 720 1828 ardent
736 1759 915 1853 sanguine,
933 1760 1049 1849 fertur,

9 1917 10 1920 κ
110 1869 188 1937 Non
202 1882 347 1963 cogente
363 1868 517 1962 quidem,
534 1867 590 1936 scd
608 1893 671 1936 nec
686 1867 886 1961 prohibente
904 1869 1067 1957 tribuno,

9 1971 11 2040 ἶ
113 1979 304 2072 scripturus
319 1977 407 2071 leges
423 1993 458 2046 et
472 1979 562 2073 regia
575 1978 677 2046 verba
691 1975 827 2046 lanistae.

114 2085 236 2157 Multos
250 2112 356 2182 porro
368 2086 474 2174 vides,
491 2111 574 2181 quos
592 2111 679 2181 saepe
698 2087 808 2156 elusus
824 2087 865 2154 ad
881 2089 991 2182 ipsum

114 2197 267 2266 Creditor
283 2197 460 2270 introitum
477 2196 559 2266 solet
577 2211 769 2291 exspectare
785 2195 929 2284 macelli,
1027 2218 1029 2222 ·
1147 2229 1179 2264 to

113 2309 153 2374 Et
166 2309 288 2402 quibus
304 2309 340 2376 in
354 2306 425 2376 solo
444 2307 579 2376 vivendi
600 2331 697 2375 causa
713 2305 824 2401 palato
838 2322 896 2375 est.

114 2419 274 2511 Egregius
290 2432 402 2488 coenat
417 2417 605 2512 meliusque
623 2417 829 2486 miserrimus
845 2416 983 2504 horum,

115 2531 157 2596 Et
173 2529 242 2598 cito
257 2553 391 2600 casurus
405 2529 476 2622 jam
491 2526 684 2623 perlucente
699 2527 806 2596 ruina.

363 2734 473 2772 ΕᾸΤΙΙΕ
489 2735 654 2772 uttuttctrrn
669 2732 926 2771 turunrtutu‘tto.

155 2831 187 2888 Sr
198 2831 311 2888 Atticus
320 2834 453 2908 epulatur
463 2832 597 2907 opipare,
609 2832 699 2888 homo
710 2833 877 2906 splendidus
889 2843 917 2888 et
927 2831 1095 2909 magnificus
1106 2834 1181 2891 exis-

121 2923 229 2980 timatur
242 2946 250 2980 ι
265 2925 289 2980 si
304 2925 420 2982 Rutilus
439 2927 495 2982 hoc
510 2924 587 2981 idem
605 2923 685 2994 lucit,
707 2925 869 2982 dementem
884 2925 965 2980 illum
985 2925 1180 2998 predicemus.

122 3017 194 3084 Quid
211 3016 287 3072 enim
311 3029 354 3073 est
371 3017 451 3092 quod
466 3017 569 3092 vulgus
584 3017 688 3089 majori
708 3017 848 3072 cachinno
869 3016 992 3091 excipiat
1012 3030 1181 3093 carpuntque,

122 3127 200 3180 quam
208 3128 363 3183 pauperem
376 3109 530 3182 Apicium?
543 3110 577 3164 lu
589 3127 640 3164 ore
654 3108 784 3164 omnium
798 3109 912 3165 Rutilus
923 3121 982 3178 est,
995 3109 1130 3185 frequens
1146 3112 1181 3168 de

124 3199 171 3256 itto
180 3221 268 3258 sermo
278 3203 309 3258 in
321 3201 476 3271 conviviis,
487 3202 518 3256 iu
529 3200 654 3270 balneis,
667 3201 698 3256 in
710 3201 843 3274 theatro,
857 3201 888 3257 in
898 3203 999 3278 plateis
1013 3213 1042 3259 et
1056 3223 1183 3261 conven-

127 3289 211 3348 trlrns:
225 3293 332 3367 qnippe
347 3292 415 3366 qui,
435 3303 501 3366 post
520 3291 650 3349 fortunas
672 3292 702 3348 in
722 3293 818 3367 ganeis
840 3294 1025 3370 dilapidatus,
1047 3297 1116 3352 dnm
1132 3317 1183 3352 vu-

10 3403 11 3408 *
126 3383 213 3440 lidiae
224 3385 371 3459 iuvenales
382 3393 462 3440 artus
474 3383 575 3440 cassidi
587 3383 711 3440 sercndae
727 3403 809 3458 pares
825 3397 905 3456 sunt,
923 3397 952 3442 et
964 3387 1032 3442 dum
1047 3387 1184 3462 sanguine

10 3495 12 3554 i,
126 3476 209 3534 adhuc
220 3479 333 3552 integro
347 3477 478 3546 fervent,
494 3475 575 3534 vadit
590 3475 627 3532 ad
640 3475 741 3533 ludum
754 3477 975 3552 gladiatorium,
988 3489 1022 3533 ut
1035 3478 1077 3532 ibi
1090 3497 1106 3532 a
1120 3495 1183 3533 ma-

10 3587 12 3632 l
126 3568 206 3641 gistro
221 3571 288 3627 artis
303 3569 444 3627 rationem
460 3568 676 3626 tractandorum
691 3586 856 3637 armorum,
871 3581 900 3625 et
913 3569 1065 3642 imperiose
1078 3569 1185 3625 ediscit

11 3664 12 3670 ’
127 3662 267 3719 scribendo
281 3673 437 3738 pra-cepta,
449 3661 554 3736 quibus
568 3659 605 3716 ad
618 3657 759 3717 ludicrum
773 3680 898 3737 pugnam
909 3661 1018 3717 tirones
1027 3661 1184 3718 instituun-

128 3761 184 3822 tur,
198 3754 267 3810 larue
284 3753 402 3829 quidem
416 3753 568 3827 impulsus;
580 3771 639 3808 uon
654 3764 768 3810 coactus
784 3772 800 3808 n
813 3753 949 3822 tribuno,
966 3771 1027 3830 non
1040 3756 1183 3810 tamenab

14 3874 17 3883 ·
128 3843 219 3898 eudem
230 3843 401 3919 prohibitus.
411 3845 521 3900 Multos
530 3843 630 3900 videre
643 3853 701 3913 est,
716 3843 840 3917 quossui
852 3844 1011 3928 creditores
1021 3857 1185 3920 stuprantes

15 4008 20 4023 Ι
129 3932 244 4010 decepti,
257 3935 490 4012 opperiunturiu
505 3935 689 4010 ipsomacelli
706 3937 807 4006 aditu;
825 3937 876 4011 qui
892 3935 1030 3994 videntur
1047 3940 1086 3994 ob
1098 3943 1184 3996 unius
1275 3928 1283 3936 .

131 4028 194 4100 gule
204 4048 309 4086 causam
324 4030 439 4100 vivere,
449 4029 557 4085 scilicet
567 4039 600 4084 ut
611 4028 697 4086 edant
707 4047 740 4084 ac
749 4029 859 4086 bibant.
877 4033 943 4100 Quo
957 4031 1021 4104 quis
1033 4031 1110 4087 inter
1119 4032 1182 4088 illos

131 4129 168 4174 est
177 4121 320 4195 perditior,
335 4133 364 4178 et
374 4121 434 4196 jam
445 4121 569 4198 propior
581 4117 744 4178 imminenti
758 4121 863 4193 ruinae,
880 4141 913 4180 eo
925 4122 1027 4180 melius
1040 4133 1068 4179 et
1079 4123 1182 4179 lautius
