2992 4984
210 447 265 512 ΙΝ
286 444 510 512 SATIRAM
532 443 774 508 DECIMAM
796 445 1049 528 QUARTAM.
1100 439 1162 523 345

106 555 168 610 inter
178 570 277 612 textam
286 570 313 612 et
326 557 547 612 commentarium
557 557 681 628 colprum
690 554 890 609 diversitatem:
901 557 952 610 sali
964 557 1035 610 tituli
1049 569 1076 610 et
1090 556 1166 628 capi·

105 653 154 695 tum
166 655 323 714 argumenta
336 642 420 696 minio
431 643 612 707 notabantur;
625 637 700 712 quod
711 652 738 692 et
749 639 777 691 in
785 639 948 712 quibusdam
958 641 1035 694 libris
1046 640 1120 695 haud
1127 642 1165 693 ita

104 725 199 797 pridem
210 725 289 780 editis
300 727 473 780 observatum
485 738 534 779 eat.
546 725 598 777 Eu.

133 821 198 875 Nor.
220 822 278 890 193.
297 825 389 874 libello
406 822 539 894 supplice,
554 839 623 884 non,
640 830 672 871 ut
688 818 770 882 olim,
787 835 837 888 per
854 829 881 870 et
898 829 1009 890 propter
1028 816 1163 870 virtutem.

103 903 213 958 Honores
222 906 371 972 militares,
385 905 455 978 inpr.
472 903 595 968 ordines,
612 905 646 956 ab
659 903 873 975 Imperatoribus
879 907 945 972 peti,
956 915 983 956 et
992 922 1042 975 per
1053 903 1167 974 gratiam

103 984 155 1038 dari
165 988 303 1042 solebant:
320 988 391 1042 unde
404 990 545 1060 vegetius,
558 989 601 1055 ΙΙ,
612 989 628 1041 3
639 1025 646 1052 ,
657 987 790 1060 queritur,
807 989 972 1059 «legionum
986 988 1071 1041 robur
1085 987 1168 1040 inira·

102 1082 180 1134 atum,
196 1091 280 1144 quum
290 1073 398 1144 prumia
409 1071 515 1125 virtutis
530 1082 675 1143 occuparet
686 1070 811 1133 ambitio,
830 1084 856 1124 et
871 1071 1046 1142 pergratiam
1058 1089 1166 1142 promo-

102 1166 217 1208 verentur
234 1157 347 1219 milites,
366 1155 412 1227 qui
431 1168 626 1209 consueverant
639 1173 689 1226 per
704 1154 858 1208 virtutem.»
874 1154 954 1209 cont.
970 1156 1042 1227 Lips.
1058 1155 1092 1208 de
1106 1153 1167 1206 tuit.

102 1238 171 1290 Rom.
185 1239 229 1302 ΙΙ,
245 1239 270 1292 8.
283 1244 363 1290 Pasce
376 1239 467 1303 vitem,
480 1250 541 1309 pete
556 1236 783 1291 centurionatum.
803 1238 865 1288 Vitis
874 1237 980 1309 insigne
994 1238 1168 1302 centurionis,

102 1318 144 1388 qui
153 1319 251 1372 milites
260 1339 291 1374 ea
300 1320 460 1392 castigabat.
472 1330 482 1355 ¹

131 1463 196 1514 Van.
217 1474 277 1530 ¹9⁴·
295 1465 333 1514 Sit
339 1477 430 1530 caput,
444 1482 484 1527 rr,
494 1481 542 1527 ao,
550 1464 623 1530 prob.
635 1465 822 1514 Schurnfleiscb.
833 1477 937 1530 putans,
950 1481 1011 1516 roae
1021 1466 1067 1515 sed
1076 1465 1169 1515 turbari

103 1561 199 1595 sensum

130 1640 211 1693 Aron.
235 1647 301 1711 194,
327 1642 384 1710 ¹9⁵·
410 1641 516 1694 Exbibe
536 1659 600 1694 vero
619 1652 645 1693 te
667 1641 818 1704 incultum,
838 1641 881 1694 vel
897 1641 1076 1714 negligentem
1098 1641 1169 1696 circa

102 1723 196 1777 cultum
211 1727 335 1798 corporis
354 1743 385 1778 ac
405 1726 537 1798 pilosum,
555 1737 586 1778 ut
605 1738 728 1780 strenuus
746 1725 912 1794 idoneusque
929 1728 1028 1780 militia
1045 1727 1171 1782 videaris.

102 1807 218 1880 Theoph.
238 1809 319 1862 Char.
334 1809 403 1864 xlx
418 1827 426 1862 ε
442 1808 498 1881 περὶ
515 1805 672 1880 houptine,
692 1811 707 1878 §
728 1829 752 1863 a.
770 1810 818 1870 Τὰς
839 1812 967 1881 pargdtse
986 1809 1107 1882 θηριώδεις
1127 1811 1171 1865 aul

104 1884 191 1949 dassia<
203 1894 214 1961 (
221 1892 249 1945 b.
263 1893 315 1946 loc.
327 1897 384 1944 alas
393 1894 512 1962 grandes)
523 1895 586 1960 ἔχειν
598 1892 666 1964 ἄχρις
680 1891 719 1944 ἐπὶ
733 1895 795 1946 πολὺ
805 1901 852 1945 τῶν
865 1901 982 1966 πλευρῶν,
994 1895 1042 1948 ubi
1053 1896 1170 1949 Casaub.

102 1972 210 2040 eidulti,
229 1973 332 2049 inquit,
351 1975 537 2042 Athenienses,
558 1995 614 2049 quo
633 1977 718 2048 magis
736 1977 788 2030 viri
805 1978 887 2031 sortes
905 1975 1071 2042 riderentur,
1092 1992 1118 2033 et
1137 1981 1172 2033 ab

101 2056 165 2107 omni
175 2058 291 2113 mollitie
301 2057 399 2121 alieni,
413 2057 575 2112 studuerunt
589 2060 689 2114 hirsuti
704 2079 760 2114 esse
774 2060 824 2113 sub
840 2060 938 2116 axillis.
955 2063 1026 2115 Nam
1044 2082 1128 2134 quum
1143 2065 1172 2116 in

101 2140 252 2194 concionem
268 2155 413 2208 reumant,
430 2143 458 2194 in
475 2142 615 2214 suffragiis
633 2142 749 2196 ferendis
766 2155 872 2215 partem
889 2145 964 2196 illam
983 2144 1172 2211 denudabant,

100 2235 127 2275 ut
140 2240 230 2296 posset
246 2228 282 2281 ab
302 2227 443 2293 omnibus,
464 2240 610 2301 postquam
631 2247 742 2281 manum
763 2227 806 2280 rel
824 2226 969 2280 brachium
990 2229 1171 2292 sustulerant,

103 2311 232 2381 conspici,
243 2324 314 2364 etc·
334 2310 413 2366 Conf.
433 2329 515 2382 supra
529 2310 565 2365 ad
580 2311 622 2374 ΙΙ,
638 2329 679 2378 rr,
696 2329 744 2376 ra,
758 2322 784 2363 et
799 2311 873 2364 Pers.
889 2311 948 2374 111,
966 2330 1016 2382 77,
1034 2313 1083 2364 ubi
1099 2312 1173 2368 idem

101 2393 211 2448 Casaub.
226 2408 330 2458 mouet,
341 2393 430 2448 notari
443 2395 564 2448 illuviem
575 2406 602 2448 et
613 2391 753 2464 δυσχέρειαν
763 2411 869 2459 comm,
881 2393 928 2465 qui
938 2395 1170 2462 centurionatum,

101 2476 275 2545 tribunatum,
288 2491 339 2533 etc.
357 2477 512 2532 ambiebant
529 2489 557 2530 et
570 2478 658 2531 cultus
675 2477 802 2548 neglectu
820 2491 984 2552 externoque
1001 2479 1099 2533 habitu
1113 2481 1174 2552 glo·

101 2560 163 2612 riam
176 2561 295 2615 virorum
309 2575 389 2634 atque
405 2561 562 2616 militarium
574 2561 748 2615 affectabant.
758 2591 793 2602 -
806 2568 894 2626 Bura,
907 2562 1014 2634 pectine
1028 2563 1127 2628 buxeo,
1142 2577 1174 2618 ut

102 2645 167 2716 apud
180 2647 261 2700 Ovid.
273 2647 345 2701 Fast.
356 2647 412 2708 v1‚
424 2664 485 2714 229,
496 2657 523 2700 et
535 2646 654 2700 Martial.
666 2646 744 2711 xlv,
758 2646 799 2711 25,
814 2667 837 2701 a.
849 2678 885 2688 —
894 2651 978 2698 Nares
987 2649 1095 2714 pilosas:
1109 2667 1172 2702 nam

102 2729 189 2782 molles
203 2744 230 2783 et
240 2729 380 2784 delicatuli
391 2729 461 2801 pilos
473 2728 579 2782 narium
588 2728 755 2795 evellebant,
766 2743 799 2796 ut,
809 2743 836 2786 et
848 2731 913 2784 alas.
927 2729 1006 2784 Cani.
1019 2729 1101 2784 Ovid.
1117 2732 1172 2786 Art.

103 2811 153 2864 ltu.
169 2812 198 2878 1,
219 2813 280 2866 520.

132 2957 198 3008 Vsa.
221 2954 281 3022 195.
298 2959 475 3019 Adeaaet,16.

131 3051 200 3105 Nor.
224 3051 283 3120 195.
301 3057 364 3106 Alas
375 3056 498 3122 grandes,
513 3052 609 3106 axillas
619 3051 769 3124 grandibus
778 3053 841 3125 pilis
853 3053 987 3116 hirsutas,
1001 3049 1075 3124 quod
1086 3051 1171 3105 virili-

103 3134 159 3189 tatis
169 3132 300 3190 indicium
313 3149 370 3200 est;
385 3137 452 3189 Brit.
467 3165 504 3178 ·-
514 3138 601 3187 Laelius
609 3156 661 3208 pro
673 3138 769 3208 quovis
785 3136 956 3212 imperatore.
968 3138 1107 3201 -Quum
1118 3155 1173 3189 non

104 3218 135 3270 sit
150 3219 334 3292 imperatoris,
349 3237 460 3273 examen
476 3218 614 3274 instituere
628 3238 689 3272 cum
708 3219 806 3287 tirone,
825 3239 856 3273 ex
869 3219 953 3273 reteri
966 3217 1083 3290 quodam
1094 3219 1173 3272 sebo·

104 3300 173 3356 liaste
189 3303 308 3358 Cramer.
329 3316 407 3375 putat
425 3302 501 3355 Latii
518 3302 628 3356 nomine
642 3301 848 3374 intelligendum
869 3319 926 3355 esse
944 3302 1061 3374 aliquem
1082 3313 1172 3354 centu·

102 3383 199 3438 riouem
207 3385 243 3440 ad
256 3387 334 3458 cajus
347 3383 467 3438 officium
482 3382 511 3438 id
525 3385 684 3456 pertinebat.
699 3411 710 3432 ι
719 3387 815 3449 Recte,
829 3385 933 3457 inquit,
947 3397 974 3437 et
983 3385 1019 3439 ab
1038 3404 1070 3438 eo
1086 3383 1172 3438 schol.

11 3501 12 3522 t
103 3465 198 3524 discere
211 3481 338 3544 poterant
346 3470 468 3540 plerique
478 3487 551 3522 nunc
562 3469 650 3541 intpp.
667 3469 717 3542 qui
728 3467 839 3522 Lelium
851 3487 901 3540 pra
913 3485 1084 3540 quocumque
1094 3469 1170 3534 imps-

11 3547 12 3576 ³
105 3564 179 3606 tatere
188 3550 292 3606 dictum
301 3551 406 3606 volunt.
415 3575 427 3598 ι
440 3553 494 3605 En.
987 3551 993 3566 ⁸

135 3697 196 3746 Vsa.
217 3700 275 3762 196.
293 3695 372 3745 Diras
379 3697 513 3762 majorum,
527 3713 568 3746 ao.

135 3791 200 3856 lior.
221 3795 280 3860 196.
301 3792 427 3860 Attegr'as,
444 3809 533 3858 casas,
550 3791 594 3845 vel
607 3789 725 3863 mapalia
737 3788 853 3860 (matius
866 3787 988 3860 magaria
1000 3791 1024 3858 )‚
1039 3805 1098 3861 quat
1112 3799 1174 3840 sunt

516 3961 746 3982 mmmmm

140 4085 150 4112 ¹
166 4081 609 4148 Vld.adNostrum‚V111,247‚et
654 4079 719 4146 lips.
736 4081 791 4129 Mil.
810 4083 884 4130 Rom.
900 4081 935 4140 tt,
957 4081 1002 4140 183
1017 4080 1121 4131 Gasanb.
1138 4079 1170 4129 ad

106 4157 181 4207 sda‘t
192 4160 318 4221 Italicum,
331 4163 381 4222 vt,
397 4164 445 4220 433
462 4163 529 4219 ΧΠ,
549 4159 610 4224 395,
653 4161 774 4226 spartian.
783 4160 860 4210 Hadr.
873 4161 1018 4219 103Rader.
1030 4161 1062 4210 ad
1071 4161 1172 4209 Martia-

9 4223 12 4291 ':
109 4239 611 4305 4⁶5;a1u.m,1;na=.snn.1,233
655 4241 986 4308 nnptgrmm.x‚26,1.
