3030 4984
211 455 266 523 IN
289 452 524 522 SATIRAM
546 447 791 517 DECIMAM
814 445 1055 515 TERTIAM.
1110 447 1170 514 261

118 582 161 636 est,
172 569 270 642 priscos
284 579 393 641 poetas,
412 577 444 620 ut
457 563 623 626 indicarent,
641 561 763 616 homines
779 579 796 615 a
812 561 929 614 naturali
941 561 1097 633 optimaque
1114 559 1176 614 vitc

116 654 204 706 ratione
214 651 251 706 ad
263 652 409 723 pessimam
423 648 556 720 gradatim
569 665 626 702 csse
638 645 780 718 delapsos,
792 664 872 699 omne
884 644 954 698 illud
969 657 1088 716 tempus,
1101 640 1176 716 quod

114 735 234 790 effluxerit
248 733 315 788 inde
329 735 364 786 ab
374 733 477 804 origine
491 729 601 795 mundi,
621 731 651 783 in
664 741 770 790 aetates,
790 747 807 782 a
817 733 922 780 metallis
933 748 983 800 pro
996 731 1125 800 cujusque
1135 745 1178 780 ra·

114 820 175 873 tione
184 818 381 883 denominatas,
393 815 577 886 descripsisse,
587 825 614 866 et
624 811 736 885 quidem
744 813 788 864 vel
797 810 901 864 induas
912 811 979 880 (rid.
989 811 1066 881 Virg.
1078 809 1177 880 Georg.

115 905 138 965 l,
154 903 198 956 ¹25
214 904 298 974 serp),
316 903 359 955 rel
372 901 400 954 in
420 913 473 953 tres
486 901 576 968 (brat.
590 897 680 949 Pbaen.
698 912 749 948 roo
762 895 844 965 seq.).
859 895 901 947 vel
916 894 945 946 in
959 907 1077 966 quatuor
1088 892 1179 965 (ovid.

116 985 250 1048 dictami,
264 985 301 1052 89
316 1002 371 1055 seq.
381 997 409 1038 et
418 983 480 1051 at),
497 981 539 1034 vel
549 980 577 1034 in
588 979 707 1051 quinque
719 977 854 1048 (Hesiodt
865 969 925 1051 ἑργ.
938 981 1076 1045 top—snb
1085 983 1111 1049 ),
1124 999 1180 1032 nnn

115 1086 168 1120 rero
178 1079 206 1119 nt
212 1067 338 1139 plerique
349 1067 438 1137 intpp.
449 1065 479 1118 h.
491 1064 543 1117 loc.
554 1074 662 1134 putant,
676 1061 704 1114 in
718 1075 795 1126 octo,
811 1075 880 1135 quot
892 1061 945 1114 sint
953 1063 1079 1128 metalla,
1093 1063 1121 1117 in
1131 1081 1179 1116 au·

115 1167 191 1216 nan,
209 1161 387 1220 argenteam,
399 1149 540 1208 electram,
554 1161 664 1207 aeream,
682 1161 825 1216 cupream,
842 1155 992 1210 stanneam,
1009 1145 1179 1216 plumbeam,

115 1233 225 1294 lerneam
242 1233 295 1286 etsi
306 1230 408 1304 gradus
419 1230 509 1303 plures
521 1247 576 1280 non
588 1227 657 1280 male
670 1227 708 1280 ita
721 1227 834 1299 exprimi
846 1228 964 1298 potuisse
975 1227 1110 1282 videntur.
1123 1230 1179 1282 Ita·

115 1333 158 1386 qne
167 1317 323 1387 suspicabar
333 1315 399 1368 olim
413 1331 475 1366 cum
485 1313 585 1366 Vossio
601 1310 669 1378 (vid.
683 1315 767 1382 not),
785 1313 802 1364 J
804 1311 944 1366 ureuulem
956 1315 1103 1384 respexisse
1112 1313 1179 1368 rati·

115 1399 174 1454 cinia
185 1400 230 1452 illa
242 1400 379 1472 Sybillina
392 1396 427 1451 de
439 1394 655 1460 ἀποκαταστάσιι,
671 1413 717 1448 seu
731 1394 907 1467 παλιγγινιοίᾳ
926 1393 979 1464 (de
997 1409 1114 1468 quatuor
1131 1415 1179 1449 sn·

114 1482 171 1552 culis
184 1480 270 1535 denuo
287 1478 463 1534 revolvendis
477 1490 504 1532 et
519 1474 715 1546 renovandis),
730 1476 772 1530 vel
788 1475 887 1528 lernam
900 1476 990 1542 illam,
1006 1479 1042 1532 ab
1057 1479 1179 1534 Etruscis

114 1566 206 1618 ratibus
223 1565 394 1637 prolectam,
410 1561 445 1616 de
462 1573 525 1616 octo
543 1559 646 1614 saeculis
664 1557 769 1612 mundo
786 1557 872 1624 datis,
891 1571 918 1612 et
934 1560 990 1614 vita
1006 1561 1179 1635 moribusque

113 1649 238 1702 bominum
248 1647 379 1713 diversis,
393 1647 428 1702 de
442 1646 540 1700 secuto
551 1663 635 1708 nouo,
647 1659 663 1696 a
674 1643 756 1716 Syllu
765 1641 932 1714 temporibus
942 1644 1051 1716 (quibus
1061 1645 1178 1700 maxima

116 1733 162 1784 luit
171 1751 252 1785 rernm
266 1732 401 1798 mutatio,
418 1742 445 1784 et
457 1728 578 1802 pravitas
593 1729 716 1797 unorum)
731 1726 891 1798 incipiente,
904 1738 931 1779 et
943 1726 977 1783 de
993 1727 1110 1794 decimo,
1124 1749 1179 1784 me·

115 1818 201 1871 borum
214 1829 371 1891 temporum
389 1831 530 1888 amenque
548 1811 620 1866 aetati
638 1811 767 1866 similium
782 1809 917 1884 principio
933 1824 962 1866 et
975 1830 1065 1868 rerum
1083 1813 1179 1866 insau-

524 1993 755 2017 mmmmm

117 2127 242 2190 bominum,
262 2131 323 2197 plns
340 2128 442 2190 virtuti,
459 2143 533 2195 qnam
552 2124 620 2176 vitiis
664 2134 700 2174 tes
711 2133 818 2192 qnatnor
828 2123 983 2176 metallorum
994 2123 1126 2191 generibus
1134 2137 1179 2173 uo·

117 2207 256 2269 deditorum
268 2221 386 2258 octauum
399 2205 621 2270 bominum,titiis
663 2213 726 2255 tasse
740 2205 838 2266 dicitnr,
849 2217 947 2254 utesset
956 2221 1043 2266 aurea,
1054 2215 1180 2270 argentea,

117 2287 180 2350 rugis
195 2303 267 2350 quam
285 2287 373 2335 virtuti
393 2286 558 2344 studentium
575 2299 620 2330 no·
663 2285 879 2346 enea,lerrea,ct
887 2295 972 2350 quarta
981 2284 1051 2333 finita
1058 2288 1179 2354 πολιητ-

116 2380 166 2412 ann
178 2366 325 2428 bominum,
345 2382 379 2414 ex
396 2366 472 2416 meris
484 2364 550 2414 vitiis
566 2379 621 2412 sce·
664 2359 742 2414 stolus
762 2363 884 2414 statuisse.
906 2363 984 2412 Nona
1004 2363 1080 2428 igitur
1099 2373 1177 2420 etas,

116 2443 243 2509 letibusqne
254 2455 426 2496 consutorum.
437 2468 474 2484 -
486 2444 619 2506 Graugaeus
664 2457 719 2507 qnae
730 2445 805 2492 ferrea
816 2454 909 2500 renata,
921 2442 1033 2506 adeoquo
1043 2453 1126 2491 octava
1136 2442 1179 2490 de·

116 2523 286 2587 smpicsbatnr‚
304 2525 449 2574 ,iuvenalem
468 2521 568 2570 mundo
582 2531 619 2570 tot
663 2523 767 2572 terior.»
779 2524 883 2572 Vossius
895 2522 925 2570 de
934 2521 1022 2587 Sybill.
1032 2523 1104 2570 Orac.
1114 2538 1135 2568 c.
1146 2528 1160 2578 4
1166 2553 1176 2580 ,

115 2613 198 2665 acates,
209 2604 260 2653 sire
269 2620 354 2653 earnm
364 2603 447 2669 potius
456 2601 618 2662 mutationes,
662 2619 688 2668 p.
706 2622 737 2652 m.
753 2613 799 2662 sa,
811 2599 865 2652 baec
876 2601 985 2652 colavit:
999 2601 1122 2652 «Nullum
1135 2601 1179 2649 dn·

116 2682 278 2748 inseptennia
302 2683 457 2750 descriptas,
482 2681 618 2742 tribuisse,
649 2681 997 2747 *hiumescquinlureualis
1006 2683 1129 2731 Cuiusnam
1138 2697 1177 2728 se·

116 2773 167 2825 quot
179 2763 252 2812 Solon
265 2763 427 2828 assignaverit
441 2762 553 2822 bomiuI,
573 2775 617 2808 on·
662 2772 753 2824 quotus
760 2761 792 2810 sit
801 2773 894 2821 vatem,
903 2777 957 2824 σοι
967 2777 1059 2810 nouam
1068 2768 1162 2808 aetatem
1173 2795 1180 2820 ,

116 2841 149 2902 ins
158 2827 218 2891 noba
228 2855 287 2892 aetas
297 2843 427 2909 langueat,
439 2851 464 2890 et
476 2839 576 2890 infirma
588 2841 619 2889 sit
662 2841 733 2890 nnllo
746 2843 866 2910 signatam
882 2841 997 2901 metallo,
1015 2840 1177 2904 descripserat

118 2921 169 2986 (rid
184 2921 213 2971 de
225 2921 279 2978 ruis
294 2924 342 2972 cira
358 2919 455 2974 ἡλικιῶν
472 2913 618 2990 perniciei:
662 2922 730 2971 velnt
740 2924 852 2971 omnium
865 2933 962 2972 aetatum
976 2921 1137 2980 teterrimam
1149 2929 1177 2969 ut

106 2998 170 3050 -ιστὰ
185 2997 315 3072 lidopss‘du
326 3003 425 3052 Solonis
439 3004 535 3068 Fragm.
552 3001 619 3067 apud
662 3011 747 3048 eontra
754 3001 874 3050 decimam
881 3012 974 3050 aetatem
984 3000 1058 3048 veluti
1066 3001 1177 3048 omnium

118 3079 220 3133 [lentat.
239 3081 365 3132 Alexand.
389 3083 480 3132 Strom.
500 3083 552 3140 Vl,
572 3083 620 3142 16,
662 3079 798 3143 optimam,
822 3090 908 3144 utpote
930 3093 985 3142 quas
1008 3077 1087 3126 lutura
1112 3085 1176 3126 essct

119 3171 162 3224 pig.
175 3159 238 3222 814,
258 3161 297 3210 ed.
311 3161 417 3221 Posteri,
432 3173 456 3210 et
471 3159 572 3212 Philon.
585 3160 618 3209 de
663 3155 859 3214 ἀποκατάστασις
886 3175 932 3223 per
958 3156 1093 3206 Christum.
1127 3155 1175 3205 Sed

119 3239 618 3310 blandiopilicIo,lib.l,relinGnomi·
661 3248 734 3302 poeta
745 3239 903 3302 quomistam
912 3231 1109 3286 ἀποκατάστασιν
1122 3250 1175 3284 non
1203 3274 1206 3291 ,

120 3333 191 3370 torma
211 3325 292 3373 Poett.
314 3324 381 3390 Opp.
404 3339 418 3370 a
440 3321 569 3373 Glaudorl.
593 3331 618 3370 et
661 3318 813 3380 admitteret,
832 3317 917 3366 scribit
931 3333 1023 3367 nonam
1037 3315 1174 3366 etiamnum

119 3401 211 3466 Fotlbga
226 3404 295 3467 Lips.
314 3404 395 3466 1776,
410 3402 483 3450 editis
501 3411 562 3450 tom.
575 3404 615 3460 11,
660 3397 737 3447 fluere
746 3409 858 3448 aetatem:
872 3399 899 3446 in
911 3399 980 3447 libris
992 3399 1059 3446 enirn
1071 3397 1175 3447 Cumaeae

12 3516 16 3529 .
118 3493 165 3543 pag.
180 3497 207 3543 77
226 3481 298 3549 seq.).
312 3508 349 3522 —
362 3480 489 3530 Plathneri
503 3481 616 3529 animad-
660 3479 760 3543 Sybillae
781 3474 965 3550 ἀνιπῖγροφος,
986 3488 1012 3526 et
1029 3479 1083 3526 sine
1103 3477 1174 3526 titulo
1277 3485 1280 3498 ¹

118 3561 188 3608 veruo
199 3573 233 3610 est
244 3563 297 3611 baec
309 3579 316 3611 ι
326 3561 437 3610 «Procul
450 3561 530 3610 dnbio
542 3571 616 3626 poeta
661 3559 708 3606 fnit
716 3571 801 3608 oetam
809 3570 834 3609 et
841 3575 909 3608 nona
919 3570 984 3608 astas.
994 3559 1020 3606 Si
1030 3557 1056 3605 id
1066 3573 1119 3605 non
1129 3557 1174 3618 sit,

119 3641 354 3706 rupefirsdseprem
365 3640 457 3689 metalli
469 3641 571 3705 species.
583 3641 618 3690 Ut
662 3637 794 3687 verisimile
807 3649 858 3698 est,
875 3639 907 3688 ab
924 3648 981 3687 octo
995 3636 1050 3685 carli
1067 3635 1175 3700 regioni·

117 3716 322 3780 igburosmuderet
333 3719 516 3784 improbitatem
526 3719 616 3778 seculi,
662 3717 722 3778 bus,
742 3733 786 3766 sen
803 3718 918 3784 spbarcls
938 3728 993 3766 octo
1010 3712 1141 3775 aetatibus,
1160 3732 1176 3765 a

117 3810 201 3846 nouam
209 3815 256 3848 esse
266 3801 300 3848 ait
308 3809 416 3858 eutem,
426 3794 454 3849 id
465 3809 514 3860 est,
524 3813 616 3848 nonam
661 3796 747 3844 tellure
757 3813 816 3846 vero
827 3812 966 3862 cognomen
980 3795 1089 3844 additum
1101 3797 1175 3844 luisse

116 3875 211 3938 speciem
221 3877 310 3926 metalli
322 3893 375 3926 esse
388 3877 579 3939 inveniendam,
589 3887 617 3926 nt
661 3891 749 3937 none,
762 3892 839 3940 quum
853 3885 962 3935 constet,
976 3875 1071 3939 aliquot
1084 3875 1175 3940 Pytha-

11 3979 16 4006 1·
117 3968 199 4002 acmen
209 3959 293 4021 eapirt.
303 3957 352 4007 Sed
363 3973 409 4006 cur
420 3974 474 4007 non
485 3961 617 4006 semaam?
661 3970 750 4020 gorens
775 3971 866 4018 eosque
891 3965 1020 4020 sequutum
1045 3955 1175 4005 Philonem

117 4029 152 4080 Ex
165 4037 328 4084 commistione
344 4036 393 4084 boc
407 4036 543 4100 specierum
561 4031 617 4084 lieri
660 4035 776 4087 Jndtum
792 4036 854 4084 istoc
871 4036 958 4085 ordine
977 4036 1030 4086 celi
1048 4035 1175 4102 digessisse

116 4119 208 4173 poterat.
223 4115 304 4181 Magis
321 4129 381 4165 sero
399 4125 448 4178 ast,
469 4124 567 4181 poetam
584 4114 618 4164 at
662 4116 804 4181 regiones·
824 4117 1033 4168 Omittoaliorum
1047 4119 1174 4180 conjectu·

120 4187 224 4254 Ssssyllam
235 4197 386 4260 respexisse,
398 4209 451 4260 quae
463 4195 552 4244 muudi
560 4205 617 4244 eta·
663 4212 703 4247 ras
715 4195 798 4246 miuus
813 4195 960 4262 probabiles.
1017 4241 1028 4252 ,
