3030 4984
344 461 406 527 232
518 459 685 526 VARIAE
706 455 980 524 LECTlONES
1001 457 1062 522 ET
1084 455 1227 526 NOTAE

339 575 434 632 missa.
444 572 556 626 classem
569 573 690 626 Graecam
702 574 730 626 in
742 570 839 625 Aulide
852 571 991 637 retineret,
1006 571 1161 626 Calchantis
1172 569 1294 634 consilio,
1308 583 1340 624 nt
1356 570 1409 626 ira·
1505 597 1506 604 ¹

234 663 242 677 ⁰
339 669 394 710 tam
414 656 492 709 deam
512 658 647 728 placaret,
663 658 687 710 ei
705 653 898 710 immolandam
914 655 1006 708 statuit
1024 658 1192 723 Iphigeniam,
1212 653 1298 708 filiam
1316 673 1407 721 suam,

338 755 403 794 natu
419 741 579 804 maximam
594 759 674 812 quam
688 753 776 794 tamen
790 741 891 800 Diana,
905 757 975 790 cervo
990 757 1039 809 pro
1054 755 1085 790 ea
1099 739 1239 792 substitute
1253 749 1281 790 et
1294 739 1409 809 caligine

338 823 553 877 sacrificantibus
574 823 696 894 objecta,
715 821 742 874 in
762 837 862 877 terram
881 821 1024 874 Tauricam
1043 839 1091 893 per
1103 823 1188 874 nubes
1202 820 1300 874 detulit
1319 821 1408 892 ibique

337 908 430 979 templi
446 907 486 959 sui
505 904 670 960 sacerdotem
688 907 757 958 iacit.
777 905 880 958 Fabula
895 905 1033 958 notissima
1052 904 1408 977 exEuripid.1phigen.iu
1506 925 1507 980 j

298 1050 302 1061 Ι
335 986 628 1042 Aulidetin'l'aurid.
641 988 741 1059 Hygin.
758 988 813 1040 iah.
827 987 923 1056 98,al.
937 1000 962 1040 et
973 989 1046 1040 varie
1057 987 1122 1040 olim
1134 1000 1268 1041 tractata:
1285 1006 1351 1040 nam
1364 987 1409 1040 alii
1506 981 1507 986 ¹

335 1073 502 1144 Iphigeniam
514 1090 576 1125 vere
584 1071 748 1125 immolatam
761 1071 888 1136 tradunt;
899 1071 945 1122 alii
956 1072 1018 1123 loco
1027 1087 1111 1124 cerro
1122 1072 1288 1124 substituunt
1301 1089 1411 1132 urum,

334 1157 378 1210 vel
397 1175 496 1221 snum,
518 1155 561 1212 rel
581 1156 741 1228 juvencam,
763 1155 806 1209 vel
828 1155 938 1220 bovem,
957 1167 1008 1208 etc.
1029 1165 1038 1190 ¹
1067 1185 1101 1196 -
1121 1158 1273 1224 Iphigenia,
1293 1153 1354 1210 vid.
1373 1152 1407 1207 ad

336 1257 376 1322 vg.
397 1257 456 1310 ¹²7·

370 1336 441 1389 Nor.
463 1353 521 1388 rao.
540 1335 597 1388 Etsi
606 1351 661 1387 non
671 1333 833 1406 sperandum
846 1334 882 1388 sit
891 1333 1064 1408 heredipetae,
1075 1334 1158 1388 filiam
1168 1353 1241 1388 susm
1254 1355 1305 1407 ope
1317 1333 1408 1388 diviua

337 1430 471 1471 servatum
494 1418 543 1483 iri,
565 1416 639 1490 quod
661 1417 803 1488 contigisse
823 1419 988 1490 Iphigenia,
1010 1437 1079 1470 cerva
1100 1419 1123 1471 ei
1142 1419 1301 1489 supposita,
1321 1420 1410 1488 tragici

336 1514 421 1576 poetae
434 1501 597 1555 fabulantur.
620 1504 696 1553 Cerva
709 1501 760 1554 fuit
767 1505 907 1570 piamun,
919 1499 1079 1554 sacrificium
1090 1499 1215 1572 expiandi
1228 1499 1338 1554 sceleris
1351 1502 1409 1552 ire·

336 1605 388 1659 que
406 1584 562 1657 mitigandae
578 1603 670 1638 caussa
683 1584 775 1636 Dianae
790 1585 907 1645 lactum.
922 1597 950 1637 et
963 1583 1072 1657 quidem
1083 1586 1218 1652 furtivum,
1233 1585 1298 1656 quia
1316 1581 1408 1635 furtim

335 1669 380 1721 rel
390 1669 481 1721 insciis
490 1669 590 1722 Graecia
604 1685 681 1721 cerva
691 1686 741 1740 pro
754 1668 810 1738 ipsa
825 1666 964 1738 Iphigenia
978 1667 1029 1720 init
1040 1667 1180 1720 substituta
1193 1665 1304 1720 :eadem
1315 1670 1407 1734 nugace

337 1750 446 1814 dicitur,
466 1752 595 1824 quoniam
612 1769 644 1804 ex
661 1750 768 1822 ingenio
785 1749 947 1822 tragicorum
965 1763 1105 1821 poetarum
1121 1749 1244 1822 proiecta
1258 1762 1306 1802 est
1325 1749 1406 1801 Face·

340 1835 444 1890 sissimo
453 1835 546 1906 itaque
555 1835 611 1887 sale
616 1846 642 1887 et
652 1847 721 1889 artes
728 1832 945 1907 heredipetarum
954 1846 981 1888 ct
987 1847 1128 1908 poetarum
1136 1834 1263 1907 figmenta
1269 1845 1406 1888 notantur.

376 1983 439 2029 Vn.
461 1997 519 2032 ιιι.
539 1981 707 2044 strumentis,
719 2000 762 2045 77.

279 2099 283 2106 ·
371 2073 460 2125 Αιιι.
482 2090 627 2144 ιιι-ιη.
648 2075 737 2128 Etiam
758 2074 896 2128 biterras
916 2073 989 2146 pbri
1009 2073 1317 2128 facetiarum-lardo
1334 2073 1407 2121 civem
1509 2129 1510 2132 Ἴ

338 2173 430 2214 mam,
447 2153 580 2209 Pacuvius
595 2157 662 2209 mibi
679 2159 765 2210 multo
778 2157 923 2230 sapientior
935 2160 1131 2228 Agamemnone
1143 2158 1252 2229 ejusque
1265 2153 1408 2206 consilium
1509 2133 1510 2182 i

338 2236 437 2308 magis,
457 2256 538 2309 quam
555 2239 648 2312 hujus,
669 2238 837 2293 laudandum
856 2239 973 2306 videtur,
992 2253 1019 2294 et
1037 2241 1151 2294 salutem
1167 2238 1253 2292 divitis
1272 2238 1351 2297 orbi,
1369 2237 1407 2288 ob

336 2334 523 2385 testamentum,
542 2322 585 2375 vel
607 2323 703 2394 ampla
727 2322 884 2374 hereditatis
903 2343 990 2391 spem,
1009 2343 1059 2392 pro
1079 2341 1131 2392 qna
1150 2323 1194 2373 vel
1211 2320 1292 2371 filisu
1311 2319 1409 2370 immo·

337 2402 394 2454 lare
407 2400 482 2454 haud
496 2401 618 2468 dubitat,
635 2403 748 2455 multum
762 2413 829 2473 puto
841 2401 1034 2473 profitendam
1049 2419 1105 2454 esse
1116 2399 1194 2452 saluti
1205 2403 1269 2452 mille
1282 2399 1410 2464 narium,

336 2485 389 2537 hoo
411 2493 465 2550 est,
484 2485 576 2538 classis
593 2485 765 2548 Grecomtm,
785 2503 836 2558 pro
855 2503 910 2556 qua
926 2485 1067 2556 Iphigenia
1084 2496 1123 2536 est
1142 2495 1280 2536 mactate:
1304 2501 1367 2536 uam
1386 2485 1408 2536 si

336 2566 411 2622 dives
430 2569 597 2621 convaluerit
615 2585 647 2620 ex
666 2567 776 2634 morbo,
796 2579 983 2620 testamentum
998 2567 1067 2620 forte
1084 2567 1199 2619 mutabit
1214 2579 1241 2619 et
1259 2567 1409 2620 Pacuvium

335 2667 367 2702 ea
378 2668 436 2704 asse
449 2651 546 2704 scribet
564 2648 706 2716 heredem,
723 2668 827 2703 summo
840 2651 897 2722 ejus
914 2667 1004 2702 amore
1021 2647 1177 2713 devinctus,
1194 2648 1238 2702 rel
1257 2649 1409 2716 existimaus

336 2731 405 2787 adeo
423 2735 535 2790 salutem
552 2751 628 2788 suam
648 2751 680 2787 ac
697 2732 880 2787 valetudinem
898 2732 971 2786 illius
990 2733 1060 2788 rotis
1080 2745 1108 2787 et
1131 2731 1271 2786 sacrificiis
1290 2735 1409 2788 tribuen-

336 2817 399 2871 dam
421 2837 485 2873 esse.

371 2916 442 2968 Nor.
466 2933 522 2968 ιιι.
542 2917 611 2968 atille
627 2929 706 2978 rates,
730 2933 776 2972 seu
797 2931 878 2968 navet
899 2913 1054 2969 Graecorum
1068 2914 1179 2988 Troiam
1196 2913 1337 2988 proiectas
1355 2931 1410 2968 esse

227 3045 231 3054 .
335 3013 422 3070 poete
433 3011 597 3063 memorant,
609 3012 682 3052 certo
692 3017 804 3052 numero
815 3018 866 3071 pro
878 2999 980 3053 incerto
989 3001 1077 3071 posito
1087 2999 1154 3068 (vid.
1165 2998 1201 3056 ad
1212 2999 1262 3052 Sil.
1274 3000 1335 3066 ΙΙΙ,
1351 3019 1409 3068 ιι9,

336 3093 363 3134 et
382 3081 469 3156 Heyn.
485 3081 521 3134 ad
538 3082 615 3154 Virg.
635 3081 742 3134 AEneid.
757 3082 800 3145 11,
819 3083 887 3151 198).
904 3113 939 3123 -
953 3083 1081 3138 Libin'eem
1097 3085 1214 3146 evadere,
1231 3095 1263 3135 ut
1280 3085 1409 3134 naeinam

336 3166 420 3213 orbare
432 3162 506 3235 apud
525 3165 618 3218 Horat.
634 3163 687 3217 Od.
703 3164 762 3229 111,
780 3164 830 3228 30,
842 3183 868 3238 7,
882 3182 948 3236 pro,
963 3177 1075 3218 mortem
1088 3164 1215 3234 elingere.
1233 3165 1303 3217 Nam
1318 3165 1411 3216 Venus

337 3248 455 3302 Libitina
471 3247 593 3300 funerum
605 3245 656 3299 dea
667 3245 740 3318 apud
754 3249 903 3312 Romanos,
923 3249 951 3301 in
962 3250 1039 3320 cujus
1048 3248 1149 3320 templo
1159 3259 1321 3319 apparatum
1334 3247 1410 3299 iuue-

336 3333 411 3386 brem
424 3331 566 3385 servabant
577 3333 635 3403 ejus
646 3329 840 3404 redemptores,
853 3334 896 3388 vel
906 3344 1042 3384 curatores
1052 3331 1193 3396 funerum,
1207 3330 1255 3402 qui
1270 3327 1411 3382 libitinarii

336 3415 400 3470 inde
413 3414 480 3469 dieti
496 3426 566 3468 sunt

370 3561 437 3611 Vas.
459 3560 517 3610 123.
536 3560 640 3623 Nassa,
654 3570 720 3620 s‚et
732 3559 830 3617 nane,
841 3569 870 3617 s,
891 3575 936 3618 ιι,
947 3557 974 3606 iu
983 3557 1074 3622 quibus
1087 3559 1200 3607 omnium
1211 3557 1328 3607 scholion
1341 3567 1408 3605 retus

337 3643 428 3710 legitur
439 3660 446 3695 :
459 3644 559 3701 Nasso,
571 3660 615 3692 seu
625 3645 702 3692 Natta
713 3643 841 3709 physicus,
856 3641 900 3708 qai
907 3641 1015 3708 infimos
1025 3641 1179 3690 domunculas
1187 3641 1238 3689 snir
1250 3639 1359 3688 inclusor
1372 3656 1411 3686 err·

338 3729 418 3777 rabat.
439 3729 487 3778 Sed
502 3729 597 3793 vulgata
606 3728 679 3776 lectio
691 3727 768 3776 multo
780 3728 968 3786 venustiorem,
982 3733 1005 3772 et
1020 3724 1080 3774 illud
1094 3725 1183 3773 medici
1196 3741 1289 3774 noman
1298 3723 1411 3773 Scholia·

336 3821 427 3858 starum
437 3811 539 3876 ingenio
552 3808 671 3861 effictum.
681 3811 764 3860 llatae
774 3810 847 3859 edam
858 3817 936 3858 exstat
945 3809 973 3856 iu
982 3810 1019 3858 lv
1029 3809 1099 3857 MSS.
1115 3809 1192 3858 Paris.

756 3991 984 4012 mmmm

362 4125 383 4176 .²
401 4119 471 4168 Coui.
479 4121 556 4168 Trete.
565 4119 596 4168 ad
605 4121 727 4185 Lycopbr.
739 4137 775 4170 ιι.
795 4123 852 4184 ι83,
863 4123 945 4187 neyn.
955 4122 986 4172 ad
994 4121 1063 4188 Virg.
1075 4120 1173 4171 AEueid.
1182 4123 1223 4180 Π,
1236 4118 1403 4180 1163‘Heins.

337 4215 361 4252 et
371 4203 455 4250 Banu.
466 4201 497 4251 sd
506 4202 580 4252 Oritl.
588 4204 649 4256 Met.
662 4206 725 4264 XII,
738 4207 781 4261 34.
