2992 4984
326 417 390 486 332
483 423 654 490 VARIAE
678 421 974 490 LECTIONES
997 424 1059 489 ET
1084 419 1240 490 NOTAE

322 532 419 588 simum
431 537 572 590 marmoris
583 539 762 608 prestantium
774 537 867 590 lnudut
878 537 947 591 Pliu.
959 537 1098 600 XXXVI,
1114 557 1142 609 7.
1157 541 1241 590 Potius
1249 540 1324 606 louge,
1332 555 1385 610 pru

324 615 385 678 cul,
398 635 431 669 ex
444 621 578 691 AEgypto,
593 621 732 684 Armenia,
747 619 890 687 Numidia,
904 633 958 674 ete.

358 777 426 824 Vun.
444 793 485 842 90·
504 779 555 840 Ae,
570 797 614 844 27,
625 781 737 840 stt-50,
750 782 862 840 brt—56,
875 782 917 844 59,
928 782 1029 840 dubl„
1038 781 1080 831 65.

357 867 426 922 Nor.
439 889 482 938 90.
495 877 617 924 Proeueste
628 872 679 926 suit
690 873 795 926 celebre
806 874 907 945 templo
920 874 1060 936 Fortuna,
1076 871 1170 926 dicato
1183 884 1212 925 et
1220 881 1346 925 exstructo
1355 869 1384 922 ub

320 952 456 1023 Augusto,
479 955 527 1007 ubi
543 957 657 1010 oraculo
671 971 697 1010 et
718 970 803 1010 sortes
822 957 991 1012 Prouestinse
1010 957 1182 1024 edebantur,
1201 954 1270 1009 uude
1281 955 1386 1007 Fortuna

323 1035 404 1088 etiem
422 1036 567 1096 dicebatur
582 1047 637 1092 Dea
653 1042 843 1102 prenestinam
860 1043 948 1093 Tibure
965 1055 1055 1096 nutem
1068 1042 1196 1096 Herculis
1215 1040 1267 1092 luit
1278 1037 1385 1102 eden-cl

322 1109 468 1188 lipu'nzsur,
483 1122 593 1176 conditu
604 1143 622 1176 u
630 1123 731 1176 Martio
741 1123 881 1196 Philippo,
895 1124 992 1178 vitrico
1003 1125 1135 1196 Augusti3
1149 1121 1224 1176 uude
1236 1125 1306 1172 Tibur
1313 1125 1387 1172 Hereu-
1413 1155 1416 1162 ι

323 1203 386 1252 uum
401 1203 478 1271 (vid.
490 1206 579 1259 Strab.
592 1208 627 1270 V,
638 1225 700 1278 pag.
717 1211 781 1270 164,
796 1219 823 1259 et
830 1207 911 1278 Prop.
920 1209 965 1272 11,
980 1209 1025 1267 32,
1041 1209 1068 1273 53
1084 1208 1137 1273 lV,
1150 1225 1179 1278 7,
1189 1205 1221 1258 θα
1231 1208 1251 1276 ).
1263 1201 1312 1258 sed
1319 1212 1387 1275 pocla

324 1285 394 1340 forte
407 1286 443 1339 ud
456 1290 556 1361 templu
567 1293 658 1342 Romu
669 1289 781 1344 condita
794 1291 927 1363 respexit,
938 1303 969 1344 ut
977 1309 1016 1344 rs.
1027 1310 1083 1362 seq.

358 1383 428 1437 Nor.
449 1400 491 1450 91.
512 1387 616 1436 Posides
636 1384 744 1439 Claudii
765 1387 878 1440 Caesuris
897 1387 1010 1440 libertus
1024 1399 1052 1439 et
1064 1389 1146 1454 spado
1166 1384 1290 1453 (Suetou.
1303 1381 1386 1436 Claud.

324 1467 358 1520 st
372 1468 419 1536 ),u
434 1488 491 1540 quo
503 1469 627 1522 maximis
639 1463 772 1522 sumtibus
786 1483 929 1528 exstruere,
937 1472 1079 1522 Posidium
1088 1487 1175 1535 aqnoe,
1189 1467 1294 1520 therme
1303 1465 1388 1535 magni·
1407 1501 1408 1504 κ

323 1548 381 1602 lice
394 1551 422 1604 in
437 1552 516 1605 litore
531 1553 648 1618 Baiano;
661 1550 717 1605 vid.
731 1552 801 1605 Plin.
818 1553 931 1618 XXXI,
941 1572 967 1604 a.
981 1582 1016 1593 —
1031 1549 1305 1612 Visulaeexsuuxit
1316 1547 1385 1609 edes,

322 1633 402 1687 villus
415 1647 441 1688 et
454 1637 587 1701 thermus,
606 1654 667 1707 quse
679 1633 867 1706 magnitudine
883 1647 911 1689 et
926 1633 1128 1706 magnificentia
1144 1633 1303 1706 Capitolium
1312 1631 1387 1684 viuoe-

322 1716 390 1771 bont
402 1738 449 1772 seu
459 1719 633 1790 superabunt.
651 1748 687 1760 -
699 1717 820 1784 Quidam
832 1731 922 1772 tamen
934 1719 1052 1790 interpp.
1069 1716 1201 1776 dubitant
1211 1731 1295 1770 utrum
1308 1715 1346 1768 bic
1357 1713 1384 1766 de

324 1801 428 1856 balneis
446 1822 462 1856 u
480 1801 569 1856 Plinio
586 1801 740 1858 memoratis
753 1802 854 1854 mentio
868 1801 930 1866 fiat,
946 1821 981 1856 an
1001 1802 1035 1857 de
1054 1803 1148 1874 ulique
1168 1801 1249 1854 domo
1262 1819 1331 1874 quarn
1342 1799 1388 1851 sibi

324 1901 429 1937 summu
437 1885 637 1956 magnificentia
651 1887 742 1937 Rome
754 1885 865 1939 Posides
876 1887 1036 1940 exstruxerit
1047 1905 1054 1939 ε
1068 1886 1118 1940 sed
1129 1904 1229 1959 purum
1238 1885 1287 1936 boc
1294 1881 1322 1935 ud
1335 1900 1382 1934 rem

246 1962 249 1971 ¹
325 1969 399 2022 fucit.
414 1971 468 2022 En.
481 2001 516 2010 -
531 1971 672 2038 Capitolia,
685 1970 756 2042 plur.
770 1989 820 2042 pro
834 1971 902 2042 sing.
914 1983 945 2024 ut
959 1972 998 2035 X,
1011 1970 1053 2023 65.
1064 1972 1160 2022 Rornae
1169 1988 1273 2042 quoque
1282 1980 1306 2020 et
1313 1979 1385 2024 retus,

325 2066 353 2106 et
366 2072 466 2108 novum
477 2053 544 2118 suit,
558 2051 628 2106 illud
641 2065 750 2119 octava,
762 2055 816 2108 boo
829 2068 903 2109 sextu
916 2055 945 2109 iu
958 2056 1077 2127 regione.
1099 2057 1224 2124 Capitolia
1238 2067 1325 2116 noum,
1338 2051 1384 2102 Ro·

324 2153 420 2203 mauu,
435 2140 538 2210 majora
552 2151 579 2190 et
587 2137 775 2210 praestantiora
787 2138 844 2191 aliis
857 2157 863 2191 :
881 2159 944 2192 uam
958 2138 1096 2211 Capitolia
1106 2139 1190 2191 etiam
1203 2137 1271 2190 fuere
1283 2135 1382 2205 Cnpun,

324 2220 474 2294 Pompeiis,
487 2222 633 2277 beneventi
646 2221 759 2295 ullisque
773 2223 801 2275 in
813 2223 922 2296 oppidis
937 2222 1037 2288 ltalire;
1050 2241 1126 2276 arces
1142 2240 1175 2275 ue
1187 2220 1278 2292 templa
1292 2215 1383 2286 magui·

327 2304 395 2370 ficu,
406 2305 571 2376 primoribus
580 2305 638 2359 Diis
653 2306 743 2361 dicata
760 2307 949 2379 Capitolioque
963 2311 1040 2360 llum.
1054 2303 1135 2359 simili
1144 2323 1176 2368 u;
1190 2303 1242 2358 vid.
1253 2300 1282 2354 ad
1291 2300 1331 2354 Sil.
1340 2299 1385 2360 XI,

327 2387 388 2442 265.
403 2389 473 2444 Cum
482 2390 588 2448 delectu
601 2390 692 2464 ituque
705 2404 786 2464 poeta
799 2390 869 2448 dixit
884 2393 1021 2462 Capitolia,
1033 2390 1171 2462 templum
1181 2379 1386 2458 magnificentissi-

326 2491 399 2526 mum
406 2513 413 2538 ,
425 2487 465 2540 et,
478 2487 509 2529 ut
521 2495 577 2530 rem
589 2488 711 2548 augeret,
723 2492 815 2530 nostra.

363 2621 429 2670 Vn.
449 2637 493 2685 pu.
515 2621 642 2671 Cretonius
650 2642 660 2680 ,·
674 2623 725 2672 rid.
738 2623 770 2672 ad
779 2639 814 2671 vs.
829 2624 871 2672 86.

359 2726 430 2779 Nor.
451 2743 493 2795 9²·
512 2728 550 2778 Sic
559 2729 665 2790 habitur,
678 2739 732 2782 tum
742 2727 897 2802 splendidas
908 2715 1040 2783 exstruxit
1052 2727 1134 2794 sedes,
1140 2727 1172 2782 iu
1182 2726 1277 2800 quibus
1284 2719 1386 2774 habitet.

362 2820 433 2874 Nor.
452 2841 496 2891 9².
515 2825 609 2892 Fregit,
621 2823 765 2878 imminuit.

362 2919 433 2972 Nor.
452 2925 496 2988 94.
517 2923 648 2987 Turbavit,
663 2922 802 2976 absumsit.
816 2921 872 2978 rid.
887 2921 923 2976 ud
934 2923 1006 2986 Vll,
1023 2937 1084 2989 1²9·

362 3018 432 3072 Nor.
452 3019 585 3084 96-106.
606 3018 684 3072 Ritus
693 3020 790 3085 etium,
802 3020 924 3092 quamvis
937 3018 1044 3090 ineptos
1055 3031 1081 3072 et
1094 3015 1307 3090 superstitiosos,
1319 3002 1385 3060 liberi

329 3101 461 3158 discuuta
474 3105 646 3176 parentibus,
661 3126 687 3160 v.
703 3124 727 3158 e.
739 3107 755 3158 J
758 3104 863 3170 udoeos,
877 3106 924 3178 qui
939 3107 965 3160 h.
978 3105 1031 3160 loc.
1043 3104 1181 3169 ridentur,
1193 3115 1224 3156 ut
1235 3101 1290 3162 lll,
1302 3101 1331 3158 tl
1339 3109 1385 3161 ⁵0²1·

328 3187 388 3252 Vl,
404 3185 470 3253 159,
484 3189 550 3246 160.
568 3199 594 3238 et
609 3185 659 3250 542
671 3205 726 3260 seq.
740 3189 812 3240 Nutu
824 3189 888 3242 Aah.
902 3201 943 3244 ost
954 3207 961 3242 :
971 3213 982 3236 ι
991 3191 1091 3242 Parum
1105 3199 1169 3260 apte
1183 3188 1237 3240 hoc
1252 3177 1387 3250 exemplum

236 3309 245 3328 ,
328 3266 466 3322 sumitur:
486 3283 548 3322 nam
564 3266 598 3320 de
613 3269 693 3320 bonis
706 3269 827 3322 moribus
843 3272 895 3324 huo
909 3273 991 3325 sotira
1010 3271 1109 3342 agitur,
1125 3271 1174 3342 qui
1192 3269 1220 3321 in
1237 3273 1388 3338 nurumque
1464 3277 1465 3340 t

329 3353 459 3424 religione
468 3353 532 3406 etin
542 3351 616 3405 omni
628 3352 682 3406 ritu
690 3367 803 3425 possunt
811 3355 902 3424 vigere
911 3368 938 3409 et
951 3356 978 3406 in
992 3356 1097 3408 bonore
1106 3353 1217 3408 versari.
1228 3377 1239 3398 s
1251 3345 1388 3401 toerbsu·
1464 3355 1465 3414 t

328 3457 392 3494 men
401 3435 504 3510 judicia
516 3436 549 3492 de
560 3435 675 3501 Judaeis,
691 3448 720 3489 ut
734 3437 762 3489 in
775 3438 831 3490 Sat.
846 3439 908 3502 XV,
917 3437 951 3492 de
960 3437 1096 3510 AEgyptiis
1108 3451 1254 3506 eorumque
1265 3427 1386 3498 religione.
1464 3473 1465 3504 ,

330 3521 515 3578 condonanda
522 3521 640 3585 bomini,
653 3521 745 3598 patriis
759 3521 857 3575 ritibus
867 3535 894 3574 et
910 3521 1035 3592 religioni
1050 3521 1128 3574 uritur
1139 3518 1266 3580 addicto,
1278 3523 1303 3564 et
1314 3517 1387 3581 {2⁰⁶¹ss
1464 3515 1465 3572 J

332 3607 454 3671 satirico,
466 3605 636 3660 commodum
647 3604 754 3658 ridendi
765 3605 934 3658 occasionem
941 3603 1123 3676 amplectenti.
1133 3603 1185 3654 lies
1194 3599 1272 3653 etiarn
1283 3597 1299 3647 J
1301 3589 1387 3644 udaius
1464 3599 1465 3648 Ξ

328 3709 378 3763 per
389 3689 524 3744 excidium
534 3689 807 3764 Hierosolymitunum
820 3690 911 3742 multis
923 3687 1031 3760 quidem
1045 3687 1186 3739 innotuere
1201 3677 1334 3740 Romanis,
1346 3667 1388 3724 red

334 3775 388 3836 ita,
401 3786 432 3825 ut
444 3792 507 3826 veru
520 3774 603 3828 mixta
615 3785 702 3827 esseut
713 3773 795 3826 falsis.
812 3803 847 3813 -
861 3777 1005 3826 Maluentum
1015 3809 1022 3835 ,
1034 3769 1157 3842 religiose
1172 3766 1301 3821 uolentem
1310 3769 1334 3811 et
1344 3753 1384 3806 ⁰b·

336 3868 501 3923 servantem,
512 3861 630 3923 sabbata,
642 3858 696 3911 boo
707 3869 762 3923 est,
772 3859 788 3910 J
792 3855 897 3910 udaeum
907 3893 914 3919 ‚
931 3855 978 3928 qui
988 3853 1112 3926 religioni
1121 3853 1173 3905 sibi
1183 3849 1271 3912 ducit,
1284 3843 1324 3898 die
1333 3837 1383 3894 sub·

752 4029 983 4048 fflfflssfflfflffl

370 4151 617 4203 ¹Vid.0vid.Frst.
628 4151 746 4214 v1,6s;
764 4153 844 4203 Strub.
888 4152 944 4203 Tib.
955 4151 1082 4215 63;Prop.
1093 4149 1226 4214 11,3s,3,
1237 4135 1376 4194 ulondm
1464 4151 1465 4178 t

335 4229 845 4301 v,psg.165;biv.xt11,1;8uuon.
889 4229 1143 4292 Cio.dsniv.11',tr.
1464 4247 1465 4288 i
