3036 4984
344 431 387 514 96
502 430 670 496 VARIAE
693 431 986 496 LECTIONES
1009 433 1072 496 ET
1094 433 1248 498 NOTAE

342 544 391 592 boc
399 543 453 592 loeo
461 545 582 609 ingratum
590 556 640 600 est.
652 546 745 594 restitui
754 563 785 594 ex
798 563 843 606 ro,
857 555 972 606 rt-aq,
985 547 1096 606 45-50,
1108 547 1227 608 54-63,
1239 550 1358 612 65—69,
1371 563 1403 609 71

342 629 425 689 -73‚
438 638 462 676 et
471 627 593 692 plerisque
604 628 671 676 Mss.
683 629 758 676 Paris.
768 655 803 665 -
814 629 852 676 Ao
863 627 999 690 Ciceronis,
1014 645 1053 692 ¹9·

378 719 467 769 Asse.
489 716 634 780 ssd—132.
652 718 704 770 Alii
718 719 786 772 votis
798 737 930 774 summum
939 732 1064 792 expetunt
1073 721 1267 791 eloquentiam,
1277 741 1336 793 qne
1345 741 1408 792 per·

342 799 443 854 niciosa
460 801 511 852 tuit
531 801 638 866 multis,
658 800 733 874 quod
751 803 883 874 probatur
900 803 1027 876 exemplis
1042 806 1208 856 Demosthenis
1224 817 1251 856 et
1271 807 1407 866 ciconnis,

341 903 506 940 summorum
522 897 670 939 oratorum.
1083 897 1086 904 “

375 983 443 1034 Nor.
466 980 522 1034 115.
543 983 708 1050 Quinquatrus
720 983 835 1052 majores
844 983 855 1049 (
864 999 927 1034 unm
939 994 966 1034 et
976 983 1091 1036 minores
1099 983 1142 1036 vel
1153 983 1310 1035 minuscule
1320 997 1409 1046 erant,

310 1069 316 1090 ¹
341 1083 400 1137 quse
416 1062 505 1116 idibus
517 1065 533 1116 Ι
536 1083 580 1116 un.
598 1063 821 1130 celebrabantur)
832 1061 889 1116 dies
907 1063 979 1124 festi.
993 1067 1028 1118 ab
1041 1067 1128 1118 omnis
1144 1067 1248 1136 generis
1259 1066 1406 1120 artificibus

340 1149 490 1220 artiumque
507 1145 631 1200 studiosis
651 1147 679 1199 in
697 1147 827 1200 bonorem
844 1149 970 1210 Minerva,
988 1147 1109 1220 presidis
1128 1149 1240 1213 artium,
1255 1149 1308 1201 acti
1326 1162 1354 1202 et
1368 1147 1407 1200 sio

340 1232 418 1298 dieti,
434 1231 508 1304 quod
525 1231 568 1284 vel
584 1231 703 1303 quinque
717 1230 812 1284 diebus
829 1231 979 1294 continuis,
995 1233 1037 1286 vel
1054 1251 1069 1286 a
1088 1231 1132 1286 die
1145 1233 1240 1305 quinto
1257 1246 1318 1305 post
1337 1233 1406 1286 Idus

340 1317 453 1370 Martias
461 1317 541 1384 (xlv
553 1315 604 1368 cal.
615 1317 689 1388 Apr.)
699 1315 879 1386 agitabantur.
892 1313 957 1366 vid.
972 1313 1053 1368 Ovid.
1068 1316 1138 1368 Fast.
1150 1317 1208 1380 111,
1221 1317 1272 1384 809
1282 1335 1336 1387 seq.
1347 1318 1405 1382 VI,

229 1421 232 1441 ι
340 1401 389 1454 65ι
405 1419 459 1471 seq.
471 1400 556 1470 intpp.
568 1398 638 1452 Gell.
654 1398 693 1462 11,
706 1416 749 1462 ur,
760 1410 788 1449 et
801 1397 872 1451 Suet.
889 1399 965 1450 Doni.
979 1404 1009 1462 4,
1024 1398 1175 1463 Charisius,
1190 1417 1212 1452 1.
1226 1402 1407 1468 soainquatrus

340 1486 540 1553 aquinquando,
555 1478 583 1533 id
594 1493 646 1543 est,
656 1480 812 1539 lustrando,
831 1479 904 1550 quod
920 1499 952 1532 eo
969 1479 1013 1533 die
1026 1499 1100 1534 arma
1113 1482 1216 1534 Ancilia
1233 1483 1342 1535 lustrari
1354 1481 1407 1535 sint

340 1567 445 1621 solita·
460 1565 509 1618 His
524 1563 741 1634 Quinquatribus
757 1561 884 1633 discipuli
903 1562 1087 1634 feriabantur(
1098 1565 1193 1618 Horat.
1207 1565 1291 1638 Epist.
1313 1568 1356 1629 11,
1376 1586 1408 1629 a,

344 1671 392 1722 197
402 1653 422 1719 ),
434 1649 551 1720 novique
561 1647 686 1720 discipuli
698 1647 793 1720 stipem
804 1647 944 1714 (misereat
954 1651 964 1715 )
975 1648 1113 1702 solvebant
1126 1650 1272 1722 magistris,
1291 1651 1336 1721 qui
1349 1651 1408 1704 exi·

340 1753 422 1806 guum
436 1733 489 1785 boc
500 1751 596 1784 munus
613 1733 730 1782 nium
748 1727 874 1782 dedicare
888 1729 1020 1782 solebant.
1035 1734 1045 1800 (
1058 1730 1119 1784 vid.
1132 1733 1257 1786 Heinsius
1272 1731 1307 1784 ad
1322 1732 1405 1786 Orid.

340 1819 410 1870 Fast.
428 1813 661 1882 111‚829.)1{in0
677 1811 908 1885 discipulumque·
923 1815 1005 1864 adhue
1023 1833 1070 1864 uno
1087 1835 1140 1866 asse
1150 1829 1259 1884 parturn,
1271 1829 1409 1886 emptam,

339 1903 397 1952 eutit
410 1902 556 1958 Misenum,
573 1896 628 1949 diei
639 1910 704 1968 puto
717 1896 893 1959 tirunculum,
906 1900 952 1968 qui
963 1897 1173 1968 preceptoribus
1186 1917 1239 1950 non
1259 1897 1310 1950 nisi
1322 1899 1408 1950 semel

338 1987 413 2038 illam
423 1981 498 2037 dedit
509 1980 673 2044 mercedem,
687 1981 807 2053 adeoque
818 1983 948 2035 elementa
960 1979 1048 2034 adbuc
1061 1983 1158 2035 artium
1171 1981 1258 2036 discit.
1267 1983 1408 2036 Platbneri

339 2080 405 2121 nota
423 2079 462 2120 est
475 2065 627 2139 :Discipuli
643 2066 677 2118 ab
696 2085 753 2116 asse
766 2063 943 2128 denominati,
958 2078 1002 2129 ut,
1022 2067 1067 2136 qni
1087 2067 1172 2136 prims
1189 2065 1258 2137 juris
1276 2066 1408 2119 elementa

340 2151 492 2211 discebant,
505 2151 624 2215 drrpondii
632 2149 698 2200 olim
709 2149 886 2212 vocabuntur,
899 2147 972 2219 quod
987 2148 1088 2201 scilicet
1097 2149 1196 2200 nullius
1211 2149 1288 2219 pretii
1303 2163 1407 2214 essent,

342 2233 445 2305 dequo
458 2231 519 2286 vide
535 2232 632 2285 lustin.
652 2232 728 2285 Orat.
744 2229 778 2284 de
791 2228 909 2284 method.
926 2232 984 2286 Jnr.
998 2229 1084 2298 does
1101 2249 1130 2294 a,
1146 2242 1172 2282 et
1188 2231 1278 2303 Cujac.
1290 2232 1404 2286 observ.

342 2318 399 2370 XII
412 2327 479 2368 extr.
494 2313 573 2368 Corsi.
588 2315 653 2365 Var.
668 2315 740 2366 leot.

375 2479 444 2524 vn.
467 2474 524 2522 116.
541 2474 700 2520 Parenos.
714 2471 849 2519 Minmans
861 2471 919 2534 (qua
930 2487 991 2534 puer
1004 2488 1076 2535 parce
1091 2469 1171 2518 adbuc
1185 2469 1293 2518 imbutos
1302 2471 1354 2536 est)
1364 2473 1406 2520 in·

340 2559 439 2624 geuiose
451 2557 516 2616 oouj.
530 2554 615 2602 Heius.
628 2551 660 2600 ad
672 2550 746 2599 ovid.
760 2554 823 2599 Fast.
837 2555 891 2610 ΙΙΙ,
911 2555 960 2616 ⁸²9
969 2571 976 2612 ς
986 2555 1041 2602 coll.
1057 2553 1125 2616 Vir-g.
1137 2553 1232 2600 AEueid.
1242 2555 1303 2602 Viti
1315 2591 1322 2612 ,
1335 2563 1386 2618 409
1398 2592 1407 2615 ‚

339 2641 423 2706 ibique
433 2641 517 2690 Servio
525 2673 533 2697 ,
542 2637 585 2700 qui
596 2635 670 2684 simili
679 2651 752 2682 seusu
765 2634 900 2682 Minervam
910 2647 1003 2682 tenuem
1009 2670 1018 2692 ,
1038 2635 1134 2692 nedem,
1143 2634 1273 2699 pinguem,
1285 2649 1408 2685 crassam.

339 2742 387 2790 qne
397 2725 489 2773 dixere.
506 2719 553 2768 Sed
565 2728 636 2784 poeta
648 2717 721 2766 etiem
733 2717 796 2765 bene
806 2717 870 2764 dixit
881 2717 1012 2780 iunxitque
1022 2717 1102 2765 odisse
1116 2735 1165 2764 uno
1178 2733 1232 2766 asse
1239 2731 1337 2783 partein
1351 2720 1404 2768 Mi·

340 2823 455 2867 nervam,
466 2805 570 2870 primaru
580 2801 667 2850 artium
678 2800 844 2865 eognitionem
859 2799 1013 2848 institutione
1025 2801 1098 2848 auios
1112 2799 1169 2848 anni
1182 2811 1281 2863 partam.

375 2899 445 2952 Nor.
467 2913 525 2964 117.
544 2898 621 2960 Quem
641 2891 804 2964 puerulum,
828 2887 862 2942 ad
881 2889 1000 2942 sobolam
1018 2902 1138 2951 euntem,
1157 2893 1268 2956 sequitur
1285 2895 1402 2953 vemuio,

339 2995 416 3034 erutos
428 2994 518 3045 eapse,
531 2993 636 3036 servus,
647 2973 785 3042 samarius,
805 2971 849 3042 qui
862 2971 945 3024 libros
960 2973 1010 3025 fert
1025 2973 1053 3024 in
1067 2991 1146 3044 capsa
1160 2991 1205 3024 seu
1219 2971 1328 3037 cistuls;
1344 2973 1403 3028 vid.

340 3069 428 3136 intpp.
442 3063 514 3116 Suet.
526 3061 588 3112 Ner.
606 3061 659 3124 36;
678 3057 787 3128 Pignori
799 3055 833 3108 de
851 3056 952 3118 Servis,
973 3075 1033 3128 pag.
1057 3075 1121 3125 ¹¹9³
1143 3057 1254 3126 Ulpisn.
1269 3057 1288 3108 l.
1308 3057 1329 3108 si
1345 3059 1404 3110 eol·

340 3149 491 3206 lectanens,
501 3144 534 3194 D.
551 3139 584 3193 de
598 3140 753 3193 Manumiss.
766 3138 1079 3209 vindicts,et1l‹'ittigeri
1092 3139 1182 3191 Sabin.
1194 3158 1256 3211 pag.
1271 3158 1302 3209 7¹
1318 3151 1343 3192 et
1358 3141 1402 3193 88.

340 3233 380 3284 Ab
398 3247 431 3281 eo
442 3225 571 3278 dilierunt
577 3225 715 3292 pedagogi
729 3223 851 3290 (Paggio,
857 3221 958 3290 pogen)
972 3219 1005 3273 de
1020 3222 1118 3292 quibus
1129 3220 1192 3275 vide
1206 3224 1331 3292 bottiger.
1347 3221 1401 3275 loo.

341 3310 415 3367 laud.
431 3327 493 3382 pig.
509 3303 733 3377 3oa.*Epitlreton
750 3319 862 3372 angmeoe
884 3316 911 3356 et
931 3301 1055 3358 diminui.
1077 3310 1185 3356 vernula
1207 3304 1242 3360 ad
1259 3305 1403 3358 infantiam

341 3392 466 3467 discipuli
482 3385 674 3460 designandam
692 3399 824 3458 spectant.
910 3394 913 3413 ¹

374 3557 442 3602 Vsa.
464 3551 520 3599 ut.
537 3547 625 3606 nerle·
635 3547 691 3594 ride
702 3561 775 3610 supra
786 3546 859 3594 sdes.
873 3561 912 3594 rr.
1015 3547 1020 3557 ’

375 3648 444 3699 Nor.
461 3643 517 3694 118.
528 3641 642 3709 Eloquia,
653 3639 818 3710 eloquentia,
831 3657 883 3710 qua
893 3637 1083 3691 Demosthenes
1094 3637 1219 3690 adversus
1232 3639 1404 3708 Antipatrum

340 3741 367 3782 et
378 3724 555 3787 Macedonas,
570 3721 663 3775 Cicero
675 3720 801 3774 adversos
813 3725 847 3773 Μ.
862 3724 993 3772 Antonium
1005 3719 1175 3774 triumvirum
1186 3733 1195 3786 t
1205 3739 1245 3772 vs.
1262 3718 1308 3770 1²3
1319 3723 1329 3788 )
1339 3738 1404 3772 usus

340 3824 392 3872 est,
404 3823 502 3876 uterque
509 3807 597 3876 periit,
613 3806 659 3858 ille
671 3805 770 3857 hausto
781 3823 898 3868 veneno,
915 3804 961 3856 bic
974 3821 1055 3856 manu
1068 3805 1097 3855 C.
1117 3803 1216 3874 Popilii
1230 3803 1329 3856 tribon.
1343 3803 1404 3855 mil.

339 3890 411 3945 Vide
424 3891 495 3943 Plut.
509 3889 554 3944 vit.
566 3887 704 3960 utriusque
716 3897 742 3938 et
752 3886 869 3952 Quintil.
886 3885 1004 3939 Declam.
1018 3885 1159 3938 chxlx.

374 3991 444 4043 Nor.
467 4005 525 4056 119.
546 3983 625 4038 Coni.
643 4004 682 4038 vs.
697 4003 722 4052 9,
742 4001 783 4050 ro,
795 3995 822 4036 et
837 3979 872 4034 ad
889 3981 950 4047 Ill,
968 3987 1013 4052 74.

376 4087 445 4138 Nor.
467 4101 523 4136 ruo.
542 4081 646 4150 Ingenio
660 4079 744 4132 iacete
755 4097 813 4149 pro,
828 4075 963 4140 Ciceroni,
973 4076 1030 4130 viro
1042 4074 1107 4128 tanti
1115 4074 1229 4144 ingenii,
1239 4073 1282 4128 vel
1292 4085 1403 4146 propter

339 4185 481 4240 ingemum.
