3042 4984
205 402 261 469 IN
284 399 515 468 SATIRAM
537 397 784 464 DECIMAM
806 391 1059 483 QUINTAM.
1104 407 1167 482 401

91 509 172 580 suro,
184 534 308 568 summam
320 517 376 569 eoeli
381 530 480 584 partem
495 533 526 568 ac
538 515 676 586 regionem
686 511 782 586 mnndi
796 527 960 588 occupante,
973 526 1102 588 perpetuo
1119 517 1172 569 iul-
1250 541 1252 548 v

90 609 177 666 gente
185 610 328 671 totumque
338 596 470 652 mnndum
481 609 603 670 regente,
613 609 781 669 permeante,
794 597 944 660 mimante,
958 597 1127 664 vivificante,
1139 618 1172 654 ex

91 697 151 750 quo
159 683 259 736 anime
268 681 359 748 etiam,
368 693 497 754 tanquam
503 681 642 753 particule
652 678 783 753 decerpta
790 700 836 736 reu
844 683 943 736 avulsa
952 683 962 750 (
968 682 1173 755 ἀποσπάσματα),

90 781 237 832 emanare,
248 778 276 819 et
284 765 313 818 in
321 784 402 838 quern
413 777 475 836 poat
486 778 588 820 certum
599 779 704 836 tempus
720 763 830 818 reiundi
841 766 1007 838 putabantur
1017 783 1023 819 :
1035 784 1095 838 quo
1110 784 1175 820 con·

88 859 171 900 stane
181 859 208 901 et
218 848 369 902 communia
380 848 430 901 iuit
439 849 533 921 opinio
542 848 716 920 antiquorum
724 849 807 902 totius
814 850 932 903 Orientis
939 849 1177 923 philosophorum,

90 929 168 1002 inpr.
179 932 372 1004 AEgyptionrm
385 932 396 1000 (
407 950 522 1002 qnorum
532 933 626 983 Philias
639 929 691 985 suit
702 932 856 1003 symbolum
864 933 947 1006 hnjna
957 933 1026 1004 ignis
1035 933 1178 988 elementa·

89 1015 129 1068 ris
145 1027 176 1069 et
191 1017 337 1079 naturalis,
348 1027 378 1068 ut
389 1007 508 1086 ducturo:
520 1028 548 1070 et
560 1019 685 1067 Vulcanus
698 1015 774 1087 apud
786 1016 893 1070 Grucoa
908 1029 936 1069 et
948 1019 1100 1086 Romanoa,
1111 1038 1179 1092 quo·

90 1115 159 1150 rum
175 1109 267 1153 tamen
279 1096 416 1170 theologia
434 1097 555 1170 mythice
572 1096 672 1150 deinde
688 1095 785 1152 abillo
802 1099 864 1170 igne
882 1096 917 1151 ad
932 1098 1117 1166 artificialem,
1133 1103 1182 1174 qni

89 1181 216 1234 metallie
231 1178 377 1234 fundendis
390 1178 572 1252 parandirque
584 1179 737 1244 adhibetur,
751 1178 863 1253 delapaa
874 1193 926 1244 eet,
940 1196 966 1235 et
976 1183 1058 1256 hujus
1073 1184 1182 1256 potina,

91 1283 184 1337 qnam
200 1264 275 1317 iIIiua
292 1265 424 1317 rationem
437 1264 536 1318 habuit
546 1267 567 1332 ),
581 1282 613 1318 ac
627 1264 803 1328 Graecorum,
820 1276 848 1318 et
860 1263 972 1336 quidem
982 1268 1118 1340 precipue
1130 1269 1185 1322 Or·

92 1351 261 1423 phicorum,
270 1351 503 1423 Pythagoreorum
512 1389 520 1415 ,
528 1350 691 1420 Stoicorum.
703 1360 711 1384 ¹
722 1348 776 1404 Sed
786 1348 820 1403 de
828 1350 936 1422 vulgari
944 1352 1035 1423 potina
1046 1353 1118 1423 igni,
1129 1371 1186 1407 non

93 1433 132 1490 de
150 1437 274 1490 athereo
287 1436 350 1498 illo,
365 1435 408 1489 rel
422 1447 522 1488 natura
534 1432 648 1488 aetherea
659 1447 687 1487 et
697 1433 791 1506 ignea,
800 1453 860 1506 que
868 1435 963 1490 anima
975 1435 1071 1490 mnndi
1085 1437 1187 1492 tribue·

92 1523 194 1591 batur,
209 1521 340 1593 cogitasse
351 1532 479 1592 poetam,
492 1537 526 1574 ex
539 1537 578 1573 va.
590 1520 639 1583 85,
649 1519 821 1592 intelligitur.
837 1523 936 1573 Violan'
945 1533 1034 1576 autem
1049 1534 1096 1578 aut
1108 1527 1191 1592 pollii

92 1605 269 1660 dicebantur
288 1605 380 1676 omnia
395 1622 439 1666 ea,
459 1621 519 1675 quae
534 1603 579 1657 rel
599 1603 628 1656 in
644 1604 763 1658 alienum
778 1603 967 1676 nefariumque
984 1604 1188 1660 adhibebantur

94 1709 200 1756 mum,
213 1689 257 1744 vel
274 1708 291 1742 a
303 1687 384 1742 rebus
398 1686 608 1758 hominibusque
622 1686 738 1740 rceleatia
752 1700 779 1740 et
793 1700 841 1740 aut
857 1688 969 1762 physice
986 1701 1033 1744 aut
1051 1691 1190 1744 moraliter

96 1773 224 1846 impuris
233 1771 469 1844 contingebantur,
478 1769 505 1820 in
518 1769 612 1841 primia
621 1788 663 1822 rec
674 1787 754 1824 tama
763 1770 851 1842 (ignia
860 1791 925 1826 vero
934 1779 1021 1829 Vecta
1030 1775 1189 1828 etVuIcano

96 1875 183 1912 sacer
194 1858 279 1926 erat),
293 1867 321 1909 et
338 1858 472 1921 elementa,
491 1872 545 1919 aer,
561 1871 632 1924 aqna
642 1866 669 1908 et
681 1853 766 1924 ignia,
779 1855 878 1925 quihus
894 1873 937 1908 res
952 1856 1065 1928 impura
1078 1858 1190 1930 purgari

95 1942 272 2014 lustrarique
291 1939 415 1993 colebant
434 1949 461 1990 et
481 1956 513 1990 ex
527 1938 628 2010 quibua
648 1937 740 1992 omnia
758 1937 939 1994 credebantur
957 1951 1021 1993 nata
1033 1959 1104 2007 erae,
1117 1941 1190 1994 unde

96 2026 189 2080 etiam
205 2025 276 2077 inter
287 2041 330 2076 ree
344 2039 433 2075 sacrm
442 2021 622 2075 habebantur.
634 2031 646 2056 ²
657 2021 717 2074 IIuc
728 2034 831 2093 spectat
842 2023 919 2076 locut
930 2024 1024 2077 notite.
1038 2024 1096 2078 Cic.
1108 2027 1188 2078 Rosc.
1241 2031 1246 2038 '

98 2110 164 2162 Δω.
176 2127 200 2160 c.
217 2111 260 2172 26,
272 2104 306 2160 de
317 2102 468 2158 Parricidia.
479 2104 630 2157 Farnobiua
643 2103 765 2157 laudarit
776 2105 858 2158 verba
870 2107 956 2158 Perae
968 2106 1042 2160 illiue
1056 2109 1084 2161 in
1093 2108 1189 2180 Epigr.

100 2188 267 2246 Dioccorid.
278 2188 386 2242 Anthol.
397 2187 446 2242 lib.
456 2187 511 2249 111,
524 2205 583 2260 cap.
598 2186 644 2249 13,
657 2181 719 2256 μηδὲ
729 2186 811 2256 μιήνῃ
821 2195 870 2260 Πῦρ
886 2190 924 2239 ἐπ’
935 2188 996 2261 lpoi.

142 2289 220 2342 Nor.
240 2287 283 2340 85.
304 2284 371 2338 vid.
391 2283 426 2337 ad
438 2286 490 2350 tv,
505 2283 564 2336 133.
583 2282 677 2335 Verba
695 2294 783 2335 antem
798 2283 826 2337 h.
843 2284 897 2337 loo.
917 2283 1046 2357 languere
1058 2288 1195 2354 videntur,

103 2373 152 2428 rel
177 2369 398 2442 intempestivum
419 2366 548 2421 doctrine
568 2363 734 2417 oatentandae
752 2359 873 2417 studium
894 2366 1018 2438 prodere.
1041 2371 1094 2424 Sed
1116 2386 1198 2443 poeta
1289 2413 1294 2420 .

103 2459 183 2512 forte
200 2455 324 2509 fabulam
337 2454 413 2508 illam
426 2468 589 2521 omnemque
601 2449 681 2501 simul
695 2459 814 2501 veterum
833 2447 985 2504 doctrinam
997 2450 1031 2504 de
1045 2455 1142 2508 morali
1154 2474 1197 2508 re·

103 2559 231 2612 rumque
246 2556 384 2593 sacrarum
406 2534 575 2608 pollutione,
593 2530 627 2584 de
646 2530 799 2596 elementia,
818 2544 947 2604 tanquam
965 2533 1047 2588 rebua
1063 2538 1162 2603 mania,
1181 2557 1197 2592 e

104 2627 214 2698 quibus
229 2622 321 2676 omnia
335 2622 387 2674 rint
404 2631 469 2672 nata
486 2630 514 2672 et
528 2616 627 2688 quihus
637 2613 762 2667 lustratio
775 2613 839 2678 ilat,
849 2615 940 2668 sorren
954 2628 982 2670 et
994 2616 1027 2670 de
1037 2618 1100 2690 igne
1114 2623 1195 2678 ethe-

106 2729 175 2775 reo,
186 2709 216 2761 h.
230 2708 283 2761 loc.
293 2704 382 2759 ridere
393 2703 490 2757 voluit.
503 2701 601 2754 Faceta
613 2709 684 2752 certe
698 2708 760 2750 snnt
775 2697 869 2762 verba,
885 2703 1002 2752 elemento
1009 2706 1124 2772 gratulor
1130 2704 1196 2773 (hoe

108 2804 169 2856 est,
183 2790 259 2862 igni,
276 2786 352 2862 qnod
369 2807 426 2840 non
439 2785 556 2840 violatus
570 2783 604 2836 ait
613 2784 634 2851 ),
649 2795 673 2833 et
683 2795 721 2845 le,
733 2780 844 2847 Volusi,
856 2801 962 2838 mecum
979 2790 1105 2838 exsultare
1120 2808 1194 2844 reor:

109 2873 204 2926 multo
225 2883 317 2923 autem
334 2868 477 2934 laceticra,
494 2866 517 2920 ai
527 2864 656 2924 Volusius
669 2863 721 2917 tuit
732 2862 913 2945 philosophna
931 2867 976 2922 vel
993 2867 1113 2924 imbutus
1126 2884 1198 2926 certe

109 2953 294 3032 opinionibus
307 2952 371 3009 illia.

149 3106 222 3153 Van.
242 3104 285 3164 87.
302 3101 353 3152 Sed
362 3115 418 3168 quoe
432 3097 478 3168 (ec.
488 3099 570 3163 turba,
583 3116 620 3150 re.
629 3098 675 3167 81)
685 3098 785 3149 emend.
798 3099 926 3150 Schrader.

152 3199 247 3251 Aean.
267 3196 382 3268 87—92.
402 3196 472 3262 Quis
485 3193 549 3248 talia
563 3193 622 3247 lieri
635 3211 713 3266 posse
724 3189 775 3246 cibi
786 3193 960 3266 persuadeat,
975 3193 1028 3250 niai
1041 3215 1074 3249 ex
1084 3195 1200 3251 historia

116 3267 275 3345 constaret,
290 3277 382 3352 quoad
395 3277 524 3352 progredi
535 3291 617 3350 queat
627 3273 810 3332 inhumanitas
825 3293 851 3332 et
862 3280 938 3332 furor
952 3282 1061 3348 mentia,
1076 3301 1146 3336 caeco
1157 3303 1199 3336 re-

117 3363 236 3436 ligionis
255 3360 352 3415 ardore
369 3359 500 3415 incense?
522 3363 644 3414 Sustmere
663 3361 774 3428 dicitur,
796 3363 843 3434 qui
862 3376 950 3437 poteat
970 3364 1074 3438 aliquid
1089 3367 1159 3421 serre
1174 3377 1201 3420 et

119 3446 225 3504 deinde
237 3447 272 3501 ab
282 3445 372 3500 animo
382 3465 431 3500 suo
442 3445 586 3519 impetrare
598 3449 668 3517 (siclt
681 3449 838 3498 iiberwindeu
849 3487 856 3513 ,
869 3449 920 3498 siclt
930 3451 1128 3520 entrclrlr'esserr),
1137 3451 1202 3502 hinc

121 3532 241 3600 audere,
252 3532 297 3588 rel
310 3532 407 3586 valere.
422 3531 501 3584 Coni.
516 3531 595 3595 XIV,
614 3550 671 3602 ¹²7·
690 3532 813 3584 Verbum
829 3531 998 3603 aptissimum
1015 3533 1063 3586 tali
1075 3533 1203 3598 facinori,

122 3621 205 3692 cnjus
217 3614 394 3694 perpetrandi
404 3615 547 3669 concilium
557 3635 612 3669 non
623 3615 675 3668 nisi
687 3616 722 3668 ab
732 3634 765 3669 eo
774 3616 836 3688 capi
848 3629 947 3687 potest,
958 3617 1007 3688 qui
1015 3635 1122 3673 omnem
1131 3619 1205 3671 exuit

165 3903 175 3928 ¹
195 3894 267 3944 eunt
278 3893 358 3943 Cicer.
369 3890 485 3940 Academ.
497 3891 589 3953 Queat.
599 3893 645 3950 tv,
688 3890 748 3938 min.
760 3891 800 3950 11,
813 3906 869 3954 pag.
882 3891 907 3952 5,
920 3894 945 3952 6,
958 3902 982 3940 et
995 3893 1044 3957 39⁸
1060 3911 1110 3961 req.
1123 3897 1206 3964 IIeyn.

130 3981 177 4040 373
191 3971 317 4024 Plutarch.
331 3973 362 4022 de
372 3973 458 4022 Pleuit.
469 3972 564 4020 Philoa.
576 3973 602 4031 1,
614 3971 643 4031 ὃς
688 3971 749 4016 Exc.
770 3971 848 4028 xm,
863 3969 895 4020 ad
910 3971 983 4037 Virg.
1001 3975 1158 4040 AEneid.V1.
1172 4005 1208 4017 .-

129 4058 239 4122 Diogen.
255 4057 335 4104 laert.
348 4055 427 4114 vm,
440 4049 643 4112 2631at10mti,
690 4049 755 4098 Edit.
770 4061 834 4098 nost.
842 4051 892 4100 voI.
904 4053 957 4110 III,
968 4069 1022 4119 pag.
1035 4057 1087 4119 ²³9
1099 4074 1152 4124 eqq.
1164 4060 1210 4107 En.

127 4137 219 4188 Panth.
232 4137 330 4200 Egypt.
343 4134 387 4182 Iih.
396 4137 422 4194 I,
435 4149 490 4197 cap.
501 4148 515 4182 a
527 4168 534 4193 ,
547 4142 608 4182 torn.
617 4133 646 4195 1,
727 4135 738 4161 ²
757 4130 830 4180 Conf.
840 4133 921 4198 lIeyn.
931 4132 964 4181 ad
971 4135 1042 4200 Virg.
1052 4137 1148 4186 AEneiri.
1157 4140 1206 4198 111,

126 4231 187 4284 pag.
203 4216 325 4274 44-523
342 4211 493 4266 hermanni
507 4209 646 4279 Mytbolog.
694 4211 887 4276 234:V1,7to
900 4216 952 4278 req'.
965 4216 1131 4276 etV11,rrt.

267 4295 312 4362 ΙΙ.
1038 4295 1080 4358 26
