3030 4984
328 433 392 477 aoa
620 419 660 484 D.
680 421 811 487 JUNII
831 426 1094 495 JUVENALIS

326 528 411 613 Iret,
430 541 464 596 et
479 552 499 596 a
514 531 633 624 grandi
651 536 762 604 cervix
777 536 930 609 ferienda
947 545 1118 632 ministro,

327 636 382 704 Ob
398 636 543 706 reditum
558 643 753 736 trepidantis
766 645 876 716 adhuc
891 650 1124 748 horrendaque
1140 657 1225 750 passi
1356 669 1388 724 15

327 747 461 840 Nuper,
477 765 510 819 et
529 751 730 824 incolumem
747 781 815 826 sese
830 761 981 832 mirantis
994 765 1103 834 amici.

374 861 462 930 Nam
485 876 605 956 prater
621 864 727 961 pelagi
742 892 836 936 casus
850 884 884 938 et
898 871 1041 969 fulguris
1054 876 1159 944 ictum

326 969 442 1054 Evasi,
457 970 566 1042 densae
581 973 699 1044 caelum
717 975 924 1050 abscondere
943 985 1088 1055 tenebrae

326 1079 426 1149 Nube
441 1105 526 1169 una,
546 1084 739 1179 subitusque
753 1106 915 1163 antennas
933 1095 1067 1189 impulit
1083 1096 1187 1192 ignis,

327 1188 443 1276 Quum
460 1217 494 1262 se
512 1196 651 1289 quisque
670 1197 726 1278 illo
745 1225 938 1294 percussum
954 1207 1117 1294 crederet,
1137 1223 1171 1278 et
1188 1231 1267 1276 mox
1360 1240 1390 1276 ,ο
1508 1225 1509 1244 l

327 1303 501 1373 Attonitus
517 1303 646 1376 nullum
667 1310 815 1382 conferri
834 1340 931 1408 posse
949 1332 1082 1410 putaret
1508 1311 1509 1328 ¹

328 1413 552 1510 Naufragium
568 1416 650 1486 velis
667 1420 873 1494 ardentibus.
894 1428 1016 1494 Omnia
1034 1427 1122 1498 liunt

328 1523 437 1613 Talia,
456 1541 523 1596 tam
539 1530 702 1624 graviter,
717 1533 745 1602 si
759 1537 895 1628 quando
909 1539 1039 1631 poetica
1054 1538 1163 1634 surgit

328 1637 519 1731 Tempestas
533 1665 542 1710 ε
556 1666 661 1738 genus
673 1667 750 1714 ecce
762 1645 850 1714 aliud
865 1647 1086 1718 discriminis:
1100 1647 1179 1718 audi

328 1753 372 1818 Et
386 1749 543 1821 miserere
555 1754 691 1841 iterum,
708 1782 909 1854 quamquam
923 1759 989 1828 sint
1002 1773 1113 1828 cetera
1124 1758 1223 1827 sortis
1361 1769 1394 1822 25
1508 1805 1509 1812 .

327 1859 502 1951 Ejusdem,
523 1889 598 1957 pars
611 1863 684 1934 dira
697 1867 853 1960 quidem,
870 1868 926 1938 sed
946 1870 1080 1964 cognita
1094 1868 1227 1956 multis,

328 1973 372 2038 Et
390 1993 488 2062 quam
509 1973 620 2042 votiva
638 1989 801 2046 testantur
819 1978 897 2047 fana
916 1977 1034 2048 tabella

329 2076 487 2151 Plurima.
504 2082 653 2154 Pictores
665 2087 741 2179 quis
756 2089 863 2157 nescit
880 2089 923 2156 ab
936 2089 1024 2158 Iside
1044 2087 1153 2183 pasci?

328 2190 462 2260 Accidit
474 2206 508 2261 et
520 2209 635 2264 nostro
649 2197 764 2267 similis
777 2196 915 2268 fortuna
926 2196 1068 2272 Catullo.

331 2403 465 2478 generosi
488 2403 633 2480 sanguinis
654 2427 786 2484 magnam
808 2407 971 2466 effunderet
995 2408 1126 2486 copiam,
1150 2416 1180 2463 et
1203 2403 1399 2464 robustiorem

330 2495 541 2570 sacrificulum,
570 2517 587 2554 a
611 2519 671 2574 quo
694 2501 874 2574 caederetur,
901 2504 1069 2578 postularet.
1095 2499 1194 2569 Talis,
1216 2497 1358 2573 inquam,
1382 2515 1399 2552 a

330 2609 376 2648 me
397 2590 512 2648 victima
535 2593 733 2650 immolaretur
753 2593 791 2651 ad
811 2595 917 2672 gratias
936 2592 1053 2670 Superis
1076 2592 1199 2668 agendas
1222 2589 1259 2647 de
1280 2605 1398 2646 reverso

329 2681 452 2739 feliciter
470 2685 579 2756 amico,
599 2685 651 2759 qui
666 2685 835 2758 gravissimo
850 2687 980 2763 periculo
1001 2686 1167 2753 defunctus,
1184 2683 1245 2758 ipsa
1266 2683 1328 2755 ejus
1350 2699 1400 2736 re-

330 2775 499 2833 cordatione
514 2776 610 2833 adhuc
628 2778 839 2853 perhorrescit,
855 2799 943 2855 seque
959 2779 1112 2836 liberatum
1129 2777 1201 2846 illo,
1220 2784 1250 2832 et
1262 2772 1400 2849 sospitem

332 2887 391 2926 csse
405 2868 589 2946 obstupescit.

374 2980 418 3034 17.
440 2964 512 3019 Nam
526 2972 631 3038 praeter
648 2963 744 3021 varios
761 2962 848 3020 maris
864 2981 961 3033 casus,
978 2961 1083 3038 quibus
1098 2961 1129 3016 in
1139 2959 1200 3036 ipsa
1214 2957 1401 3036 navigatione

249 3121 252 3128 Ι
331 3054 510 3112 conflictatus
521 3068 578 3128 est,
594 3067 623 3113 et
634 3057 773 3114 evitatum
781 3056 907 3125 firlmeu,
926 3073 975 3112 aer
987 3065 1064 3112 totus
1075 3065 1150 3111 tetra
1163 3053 1297 3130 caligine,
1318 3049 1402 3126 quasi

330 3161 469 3226 perpetua
481 3151 571 3222 nube,
584 3161 674 3209 tectus
688 3151 742 3208 luit
752 3172 761 3221 ;
773 3171 842 3209 mox
852 3149 1002 3226 repentina
1013 3147 1127 3206 flamma
1140 3147 1282 3223 corripuit
1292 3156 1399 3202 auten⁴

331 3261 396 3312 nas3
420 3241 495 3298 adeo
518 3253 551 3298 ut
571 3243 632 3316 jam
652 3253 787 3318 putarent
807 3263 906 3300 omues
928 3241 1051 3318 percidsi
1073 3249 1152 3296 metu
1175 3259 1205 3298 se
1222 3237 1400 3315 deflagrare,

331 3353 425 3410 neque
443 3334 534 3390 ullum
550 3333 691 3410 naufragii
706 3335 868 3410 periculum
882 3353 948 3392 cum
962 3335 1075 3402 incensa
1091 3332 1159 3388 navi
1173 3331 1400 3406 comparandum

332 3426 535 3484 existimarent.
557 3427 593 3482 In
611 3427 667 3483 bac
682 3445 751 3484 vera
769 3439 935 3505 tempestate
950 3426 1047 3486 omnia
1064 3437 1124 3484 tam
1143 3426 1271 3504 graviter
1284 3425 1400 3482 accide-

331 3528 414 3591 runt,
431 3537 517 3594 quam
529 3537 592 3594 quae
602 3517 634 3573 iu
650 3515 723 3574 fictis
737 3529 886 3595 poetarum
901 3517 1114 3593 tempestatibus
1128 3517 1343 3574 describuntur.
1354 3517 1400 3573 En

331 3610 412 3668 aliud
431 3611 553 3686 periculi
574 3629 680 3688 genus,
702 3629 756 3668 nec
779 3611 886 3668 minori
906 3610 1025 3685 dignum
1044 3609 1308 3680 commiseratione,
1329 3608 1400 3665 licet

333 3702 430 3758 omnia
442 3701 503 3759 fere
517 3703 575 3760 sint
588 3701 715 3777 ejusdem
728 3701 840 3780 generis
854 3713 883 3758 et
895 3701 1056 3778 gravitatis3
1073 3701 1124 3758 sed
1137 3720 1288 3758 commune
1302 3712 1400 3758 tamen

332 3793 490 3868 plerisque,
511 3805 540 3851 ot
559 3794 641 3872 pingi
658 3795 774 3852 solitum
788 3795 820 3852 in
835 3795 941 3853 votivis
959 3794 1083 3858 tabellis,
1100 3813 1163 3870 quae
1177 3795 1208 3851 in
1220 3795 1309 3852 sacris
1327 3794 1400 3850 aedi-

333 3885 388 3941 bus
408 3895 549 3960 prostant.
571 3886 643 3956 Quis
665 3887 743 3944 enim
761 3885 877 3964 ignorat
896 3897 1034 3964 quantum
1054 3886 1178 3961 pictores
1200 3887 1402 3944 lucrifaciant

334 3976 486 4055 pingendis
511 3978 634 4051 tabulis,
660 4000 730 4057 quas
757 3980 889 4059 naufragi
912 3979 1139 4056 suspenduntur
1160 3979 1243 4036 Isidis
1263 3981 1401 4054 templo?

333 4070 441 4127 Eadem
462 4071 552 4148 igitur
568 4071 672 4132 Catulli
686 4073 780 4134 nostri
796 4094 828 4132 ae
848 4083 1012 4134 ceterorum
1027 4072 1231 4150 naufragorum
1245 4082 1307 4132 sors
1323 4075 1400 4130 cala-

332 4163 471 4242 mitasque
483 4164 547 4224 luit.
