3042 4984
209 395 264 462 IN
287 393 521 462 sertitem
543 389 786 462 DECIMAM
809 397 1067 481 QUINTAM.
1117 403 1183 480 413

102 517 231 562 neruum
252 506 362 562 licturus
383 508 480 562 scerbu
495 522 582 565 morte
599 509 718 563 exhulut.
731 535 745 557 ι
763 511 800 562 At
817 510 893 564 illum
911 511 994 566 luisse
1014 513 1184 587 entiqnitstis

101 591 273 665 opinionem,
286 609 342 645 non
357 591 489 666 percussit
500 591 567 646 mihi
583 597 659 647 locus
668 593 746 666 Virg.
758 611 846 666 neque
856 593 891 648 de
902 594 1051 651 insentibus
1061 609 1183 665 tuntum,

101 673 148 728 sed
164 674 316 747 virginibus
334 693 455 749 quoqne,
473 675 618 728 immature
629 687 715 728 morte
730 675 908 744 obeuntibus,
925 679 952 732 h.
968 679 1021 734 loc.
1036 698 1124 735 sermo
1134 693 1184 736 est.

100 760 127 813 N
129 771 214 812 sturss
225 771 316 813 eutem
321 760 363 814 ris
372 758 530 830 infringitur
540 757 673 830 corruptis
683 759 774 812 seculi
783 759 904 813 moribus
913 779 920 826 ;
934 773 960 815 et
971 760 1005 816 de
1015 762 1185 818 miseratione

102 840 175 896 idern
188 840 244 898 lese
259 841 347 908 solet,
360 839 436 914 quod
447 840 481 894 sle
492 840 593 913 pietute
604 839 674 893 dixit
687 841 778 894 Veler.
794 842 869 895 Mun.
883 843 920 910 V,
934 850 960 908 4,
972 855 1024 898 eut.
1036 843 1062 898 t.

135 935 207 989 Nur.
229 935 288 1006 139.
309 940 389 1004 Quum
401 948 467 987 tenu
480 937 613 1001 clauditur,
628 932 872 1005 conditurflusaut,
885 951 921 1005 et,
933 937 1027 1005 etism,
1039 941 1120 992 missor
1131 943 1187 1012 igne

99 1022 170 1088 rogi,
181 1019 285 1092 junior,
300 1037 382 1091 qnam
393 1031 426 1072 nt
437 1019 552 1073 memori
567 1017 608 1072 lus
626 1019 670 1071 sit.
691 1016 799 1072 metitis
814 1020 946 1091 primores
964 1021 1081 1095 septimo
1097 1041 1187 1079 mense

99 1103 177 1175 gigni
196 1101 305 1165 dentes,
322 1100 399 1155 hund
416 1100 531 1156 dubium
549 1113 629 1157 est...
641 1101 785 1156 Hominem
800 1103 876 1175 prins
895 1123 978 1177 quum
996 1107 1088 1178 genito
1106 1107 1187 1162 dente

99 1185 232 1250 memori,
246 1203 305 1238 mos
321 1185 444 1256 gentium
455 1203 510 1238 non
521 1196 595 1249 est‚·
609 1185 678 1239 Plin.
691 1186 759 1251 vn,
775 1189 821 1251 16,
837 1205 883 1240 seu
897 1188 945 1253 15,
957 1213 968 1235 ·
979 1190 1184 1263 Suggrundurie

101 1269 209 1341 sntiqni
228 1267 356 1322 dicebant
375 1269 499 1340 sepulcre
519 1268 679 1335 inlsntium,
695 1270 743 1342 qui
754 1268 871 1324 necdum
883 1273 932 1326 XL
944 1270 1000 1327 dies
1011 1273 1185 1348 implessent,

99 1353 166 1426 quie
180 1371 233 1406 nec
246 1352 326 1405 bustu
338 1349 393 1406 dici
407 1365 549 1424 poterunt;
561 1352 624 1426 quis
636 1370 696 1406 csse
710 1371 770 1424 quse
783 1354 1006 1410 comburerentur
1020 1377 1076 1412 non
1092 1373 1186 1414 erunt:

100 1457 152 1493 nec
165 1450 244 1492 tunts
253 1435 394 1491 cuderetis
406 1437 573 1500 immunitus,
584 1454 638 1510 que
651 1436 727 1489 locus
738 1448 905 1492 tumesceret
919 1439 1000 1494 Unde
1011 1442 1129 1496 Rutilius
1138 1444 1188 1498 Ge·

99 1523 191 1576 minus
212 1524 375 1594 Astyanacte
394 1519 455 1572 sit:
474 1519 573 1573 Melius
589 1516 817 1590 suggrundurium
836 1521 934 1575 misero
955 1541 1087 1595 quereres
1101 1543 1185 1599 quum
1277 1513 1283 1532 ¹

101 1605 294 1678 sepulcrm,-
307 1603 374 1657 ren.
386 1600 528 1656 Planciud.
541 1601 666 1674 Fulgent.
685 1602 714 1654 in
725 1602 847 1676 Exponit.
859 1622 937 1658 serm.
950 1617 1024 1660 unt.¹

134 1751 205 1799 Vn.
227 1757 284 1806 rto.
303 1749 336 1798 Ut
343 1717 425 1797 inlusor
435 1747 537 1825 conjicit
547 1745 704 1796 Schrsdems.
717 1774 753 1785 -
763 1747 815 1796 Aut
823 1745 903 1814 succ,
922 1751 966 1816 61,
984 1751 1030 1816 lis,
1048 1755 1098 1818 63,
1113 1755 1184 1805 65-

101 1833 152 1898 69,
168 1841 284 1896 7¹·“ll·

137 1929 208 1977 Vn.
230 1937 287 1986 rur.
306 1926 467 1994 Qreulis,16.

135 2029 209 2084 Nor.
231 2037 297 2096 ulo,
317 2034 376 2093 ¹4¹·
396 2029 482 2082 Docte
501 2040 529 2084 et
546 2028 677 2101 exquisite
692 2029 779 2085 homo
796 2031 872 2105 pius,
891 2034 995 2106 probus
1014 2046 1040 2090 et
1058 2035 1186 2106 innocens

101 2113 262 2187 designetur
272 2131 279 2166 τ
289 2133 346 2167 non
357 2112 426 2165 clins
438 2111 510 2166 enim
520 2124 577 2166 erut
586 2115 743 2184 digressam
753 2135 860 2181 emuna,
873 2117 925 2170 hcc
938 2131 994 2184 est,
1006 2119 1121 2191 dignus,
1138 2122 1187 2194 qui

99 2199 256 2254 initiaretur
267 2198 311 2253 rel
324 2198 461 2252 interesset
474 2195 608 2269 mysteriis
622 2194 697 2266 (rid.
713 2195 749 2249 sti
767 2199 815 2263 11,
831 2199 884 2268 89)
899 2200 956 2255 sire
977 2203 1059 2257 sacris
1079 2205 1184 2258 Cereris

99 2285 218 2344 amuis,
229 2281 363 2356 mysticis,
374 2297 434 2352 quts
444 2280 523 2333 ellsri
534 2279 611 2333 nelus
622 2292 680 2332 erut
691 2297 804 2353 queque
815 2296 918 2338 secreto
932 2297 959 2338 et
972 2299 1055 2340 noctu
1069 2289 1187 2360 egebun-

101 2376 146 2417 tur
159 2362 235 2436 (riti
248 2364 351 2436 Spsnh.
365 2362 401 2416 ed
414 2363 521 2418 Cullim.
535 2363 572 2416 Η.
587 2362 616 2415 in
631 2363 691 2416 cer.
702 2383 741 2418 vs.
755 2367 801 2435 7),
812 2364 885 2418 unde
896 2379 922 2419 et
933 2383 1062 2421 nocturnus
1075 2384 1188 2425 vocetur

103 2449 215 2500 Baculus
225 2447 304 2518 virg.
317 2446 416 2518 Georg.
427 2446 482 2512 1v,
497 2446 546 2500 tn
557 2484 565 2508 ‚
578 2457 605 2500 et
616 2458 738 2498 nocturna
749 2449 846 2498 Munus
859 2447 908 2502 sil.
919 2449 976 2514 111,
990 2451 1041 2519 395
1048 2490 1057 2515 ,
1071 2453 1120 2505 ubi
1130 2452 1188 2510 vid.

101 2544 159 2585 not.
172 2531 244 2584 Hinc
253 2531 301 2604 qui
312 2534 403 2582 Cereris
413 2549 512 2582 suerum
520 2532 634 2599 vulgarit
642 2547 744 2580 urnam
750 2526 830 2582 docte
836 2547 887 2601 pro
895 2532 1082 2588 scelestissimo
1091 2537 1188 2607 quovis

103 2615 207 2668 dicitnr
221 2615 317 2668 llorst.
331 2613 385 2668 Od.
400 2613 458 2672 111,
474 2631 508 2678 s,
522 2615 572 2677 26,
585 2611 634 2664 ubi
646 2611 719 2665 conl.
730 2611 882 2666 Mitsclrerl.
897 2613 1001 2679 Quinto
1013 2627 1104 2670 sutem
1116 2636 1188 2692 mys·

101 2699 236 2753 teriorum
246 2710 273 2752 et
280 2696 390 2770 quidem
399 2713 560 2767 magnorum
567 2694 620 2758 die,
631 2695 678 2766 qui
684 2693 828 2748 dicebatur
836 2699 905 2753 ἡτῶν
914 2695 1052 2768 λαμπάδων
1059 2702 1148 2773 ἡμέρα,
1158 2703 1187 2758 in

103 2783 264 2838 memorium
274 2781 391 2846 Cereris,
403 2779 592 2852 Proserpinam
603 2777 688 2831 fitium
698 2778 818 2831 accensis
832 2779 938 2832 lucibus
948 2784 1105 2852 querentis,
1110 2789 1188 2854 suees

103 2867 232 2922 erdentes
241 2885 325 2941 quum
339 2877 401 2920 unte
415 2863 486 2918 iores
498 2862 671 2936 ponebantur
682 2861 751 2930 (rid.
762 2862 834 2916 Plut.
847 2864 901 2916 Cic.
913 2876 978 2918 tom.
992 2868 1022 2926 1,
1036 2885 1099 2940 pag.
1114 2871 1189 2942 871),

104 2964 163 3004 tum
173 2969 190 3003 e
199 2949 265 3006 viris
274 2962 301 3004 et
313 2947 418 3002 lerninis
428 2947 617 3019 gestabantur3
626 2941 700 2996 unde
708 2938 995 3016 δᾳδοῦχοιειδᾳδουχιῑν
1005 2949 1037 3000 rie
1046 2951 1187 3022 ructus-sipon⁸

104 3035 141 3088 lli
153 3035 246 3106 ituque
255 3029 374 3104 δᾳδοῦχοι
384 3049 439 3085 non
450 3029 567 3103 emplius
576 3029 664 3100 μύσται
674 3039 752 3079 erunt
763 3026 807 3081 vel
821 3026 857 3080 sd
869 3029 988 3100 μυστήρια
997 3041 1103 3086 tuntum
1112 3035 1187 3106 μαρὰ

105 3116 234 3183 admissi,
247 3116 293 3170 secl
302 3119 359 3189 jum
373 3117 453 3186 Ιφοροι
465 3115 521 3167 sire
533 3113 654 3176 icimur,
666 3111 765 3183 quihus
774 3116 888 3165 sacerdos
901 3112 1008 3169 Cereris
1023 3116 1188 3187 (ἱιροφάντης,

104 3199 250 3273 ἱιροφὺλιξ,
265 3199 397 3270 leporinae,
409 3196 588 3270 μυσταγωγὸς)
600 3193 718 3266 μυστήρια
731 3194 830 3268 μεγάλα
842 3208 869 3249 et
880 3215 992 3252 mennas
1008 3217 1101 3253 eorum
1114 3203 1188 3255 cteri-

105 3282 212 3336 monins
219 3281 398 3344 revelaverat,
408 3279 503 3333 habitu
513 3289 575 3332 unte
585 3296 676 3332 severs
683 3278 828 3350 questione
835 3277 869 3333 de
878 3280 930 3334 vitu
941 3281 1110 3353 potissimum
1119 3303 1188 3356 pure

106 3377 133 3420 et
146 3376 239 3430 sencte
254 3362 343 3418 uctu.³
357 3363 430 3417 Hinc
444 3361 603 3431 intelligitur
619 3361 660 3415 vis
674 3361 833 3427 verborum,
848 3367 946 3431 qualem
961 3364 1123 3418 initiandum
1142 3369 1187 3418 Ce-

107 3451 168 3500 reris
189 3451 249 3500 oute
265 3467 319 3500 esse
339 3449 462 3500 sacerdos.
479 3443 567 3499 Simili
585 3461 663 3497 sensu
680 3455 758 3498 culn
769 3463 801 3499 ac
813 3445 906 3518 proba
919 3447 1044 3501 mulieres
1059 3445 1187 3502 dicuntur

520 3593 753 3616 ΜΜΜὶΜ

145 3722 155 3748 ¹
173 3716 208 3763 ln
224 3711 352 3778 uytnogr.
369 3709 423 3757 he
440 3714 458 3754 t.
473 3707 514 3764 11,
526 3719 551 3770 p.
566 3720 624 3768 ¹7¹·
668 3703 1187 3772 niis,c.nS;CsssubonussdTlreophmt.

110 3795 150 3847 stl.
161 3793 303 3844 Mnnckeri.
322 3793 437 3838 Formsm
450 3785 625 3852 suggruntntt
669 3785 815 3836 Guarceno.
831 3785 845 3832 ³
857 3821 865 3848 ,
877 3793 901 3830 et
915 3783 1041 3834 Creussr's
1050 3788 1187 3854 symbolik,

111 3893 143 3926 ez
155 3878 196 3927 lo.
210 3875 281 3938 Bspt.
294 3873 394 3920 Suurss.
408 3865 530 3930 Antiquit.
542 3865 625 3917 Gedit.
670 3875 730 3915 torn.
740 3867 788 3925 lll,
798 3881 854 3930 pig.
866 3863 1055 3928 ⁴733101MV,
1066 3883 1123 3933 pag.
1134 3869 1185 3919 520

110 3945 626 4020 llispsnicsscriptis,1V,t‚depinxisss
671 3961 722 4009 seq.
736 3945 796 3994 5⁶3.
1027 3979 1030 3987 .

110 4029 302 4101 Cssp.Burtlrol.
315 4031 347 4080 de
358 4031 516 4093 Puerpaett.
527 4042 554 4091 p.
569 4027 628 4088 167,
708 4019 720 4058 ³
738 4023 812 4074 Conf.
832 4024 926 4073 Mente.
945 4023 976 4072 de
998 4023 1144 4087 Eleusiniis,
1163 4038 1187 4077 et

115 4127 184 4166 notet
194 4113 306 4164 llennin.
671 4103 764 4152 Pottcri
776 4103 897 4153 Archaeol.
912 4105 956 4152 Gr.
967 4103 1010 4152 lib.
1021 4108 1063 4166 11,
1077 4121 1130 4170 cup.
1140 4123 1183 4168 no,

149 4201 161 4232 ³
179 4191 347 4248 Conseruntur
360 4193 454 4242 Meum.
478 4188 509 4238 de
532 4185 628 4236 llleusi·
672 4184 721 4234 vol.
732 4185 759 4246 1,
769 4197 824 4250 pse.
840 4180 1122 4247 t⁵1,vers.nsmbset.
