3036 4984
365 411 419 476 IN
442 411 668 486 SATIRAM
691 411 942 477 DECIMAM.
1138 409 1181 494 93

154 519 220 571 vri.
239 534 284 587 94.
305 524 350 572 Vis
357 526 445 574 ducere
452 527 507 589 pila
515 528 611 576 emend.
622 527 753 593 Scioppius
759 527 874 574 Veritirn.
887 529 932 584 lV,
947 541 985 574 ro.
995 524 1038 574 Vis
1049 537 1120 574 eertoe
1125 527 1183 591 pila

123 603 224 651 colonis
234 604 301 670 (boe
317 618 368 667 eet,
382 609 587 675 primipiirtorrr)‚
605 611 653 667 60,
664 612 706 660 65.
720 610 793 675 prob.
809 610 917 660 Manain.
937 611 1029 658 Neutro
1043 610 1115 658 lectio
1127 611 1182 658 vnl-

121 697 178 750 μα
186 690 342 752 prteferende
356 692 460 741 videtur.
478 695 535 742 ileo
547 709 606 742 vero
615 693 691 742 verbe
702 709 758 740 euru
772 691 931 755 affirmantis,
948 703 998 742 turn
1012 693 1183 758 interrogatis

119 785 167 817 eote
176 783 296 834 ponunt.

153 863 227 915 Nor.
247 873 293 931 9⁴·
314 869 372 918 Cura
385 887 462 937 grege
476 871 600 928 ctatdaeo,
620 886 682 921 eum
694 867 887 920 mathemttieit
900 885 907 920 :
918 885 981 919 nrm
995 868 1007 917 l
1023 864 1127 937 Ttsst'ptoe
1143 870 1183 938 lp-

119 947 309 1014 ertpirnroerfi:
318 947 361 1002 riri
370 957 417 1002 τῶν
426 951 517 1022 rior-pot
531 957 643 1020 μαντικῆς
654 948 691 1014 ἦν,
705 951 756 1004 Dio
766 953 865 1004 LVIII.
878 950 956 1006 Conl.
968 953 1076 1004 Sueton.
1092 951 1183 1005 Tiber.

120 1045 175 1098 erp.
191 1037 226 1093 tl
242 1045 270 1084 et
281 1035 364 1101 69.-
376 1036 420 1084 Vis
432 1048 503 1096 terte,
516 1045 626 1104 optatne
639 1033 751 1087 toltum?
764 1052 874 1105 cuperes
884 1046 954 1086 certe
965 1034 1106 1106 imperinm
1115 1035 1185 1086 rnili-

118 1122 180 1164 ttre.
189 1143 226 1152 —
234 1116 305 1175 Pila,
317 1116 388 1185 pilot
399 1128 426 1168 et
437 1115 544 1188 quidem
558 1117 658 1189 primos
670 1117 859 1170 centurionum
870 1117 954 1188 pilot,
965 1117 1018 1169 boc
1032 1131 1085 1184 ert,
1096 1117 1187 1189 primi-

118 1195 234 1263 pilrtne:
248 1198 297 1267 qui
312 1189 413 1250 militie
428 1197 526 1269 gradun
540 1212 566 1252 et
581 1200 651 1252 uitur
662 1213 732 1264 erut,
745 1213 772 1254 et
783 1199 862 1254 valde
878 1212 1057 1269 qnaertuoruu
1069 1200 1132 1256 vide
1150 1200 1186 1254 ed

118 1279 195 1342 XIV,
215 1299 276 1350 ¹⁹7·
296 1282 388 1351 Vulgo
398 1285 452 1346 pila
465 1282 593 1335 dicuntur
605 1283 658 1335 telo
676 1286 859 1335 Romanorum
876 1281 999 1354 proprio,
1012 1294 1065 1335 torn
1082 1287 1185 1356 mojona

117 1363 127 1427 (
137 1379 256 1432 quornm
269 1376 297 1416 et
307 1365 409 1435 lignum
419 1377 446 1418 et
454 1367 555 1419 ferrum
565 1365 717 1418 tricubitnle
728 1369 801 1432 erat)
810 1384 892 1438 qnam
902 1365 1027 1419 minore.¹
1034 1395 1068 1406 -
1075 1369 1186 1418 Coburtes

118 1457 182 1515 puto
197 1447 256 1500 boc
271 1449 333 1500 loeo
345 1447 398 1500 dici
410 1450 561 1501 tribunatus
574 1449 700 1501 militum.
714 1446 784 1499 Vide
799 1447 835 1500 ud
847 1449 873 1512 1,
888 1445 929 1500 58.

150 1541 222 1594 Non.
243 1541 287 1610 95.
306 1545 423 1612 Egregios
438 1546 545 1612 Equites,
562 1561 658 1596 mnnue
671 1555 697 1595 et
714 1540 873 1613 dignitatern
890 1543 1005 1609 Equitum
1018 1544 1146 1594 illustrium
1159 1555 1187 1595 et

116 1626 306 1678 luielovr'orum.
315 1627 357 1678 Itu
368 1627 418 1680 tub
430 1626 647 1696 imperatoribus,
661 1643 777 1696 qnorum
789 1626 954 1698 temporibus
965 1625 1117 1678 tribunatuo
1128 1639 1187 1700 erut

117 1707 213 1760 militia
223 1710 372 1780 equestris,
384 1709 544 1763 dicebantur
553 1708 654 1761 tribuni
663 1709 778 1761 militurn
786 1747 793 1772 ,
802 1711 861 1780 qui,
872 1710 946 1762 oltra
955 1709 1071 1780 equestri
1084 1709 1187 1762 familia

117 1791 214 1860 geniti,
226 1810 337 1844 uenrnnr
348 1791 486 1844 hebebant
497 1790 675 1854 senatorium,
685 1803 712 1842 et
721 1791 785 1843 hine
797 1790 853 1844 luto
867 1792 944 1844 clavo
959 1791 1111 1844 utebantur.
1121 1791 1186 1844 vid.

118 1872 153 1924 ud
163 1874 236 1935 vll,
247 1875 290 1942 89.
302 1883 313 1908 ¹
324 1903 360 1915 -
373 1877 460 1924 Castra
473 1877 614 1936 domestica,
628 1874 765 1944 pretorio,
778 1891 794 1926 a
807 1873 903 1944 Sejnno
917 1873 1074 1938 constituta,
1085 1875 1131 1944 qui
1143 1873 1185 1928 di-

120 1973 220 2025 opertu
230 1975 281 2026 per
290 1957 385 2009 urbem
400 1956 523 2008 cohorter
536 1956 711 2026 pretorianae
721 1973 774 2006 nnn
787 1955 815 2006 in
825 1953 971 2022 cuent(ttd
982 1953 1068 2025 iprum
1078 1957 1184 2024 urbem,

115 2042 193 2110 juxte
202 2052 311 2110 portem
323 2038 496 2102 viminalem,
507 2038 608 2110 posito,
621 2035 720 2108 dequo
733 2035 794 2090 vide
806 2035 841 2089 td
855 2037 939 2101 VIII,
950 2037 982 2100 43
991 2040 1001 2106 )
1009 2036 1185 2093 conducendo

118 2123 172 2174 rim
189 2123 356 2194 prefectum
374 2120 498 2174 intendit.
511 2120 620 2172 ³Cnstm
639 2132 728 2173 autern
741 2120 794 2172 hoc
809 2120 870 2172 loeo
886 2139 937 2191 pro
952 2137 1062 2174 munere
1077 2141 1184 2188 eorum,

115 2207 162 2276 qni
180 2207 236 2260 iliis
254 2218 388 2278 prterunt,
404 2205 457 2258 boc
467 2217 520 2269 ert,
537 2223 587 2276 pro
605 2204 761 2276 prefectum
775 2204 901 2275 pretorii.

148 2305 222 2354 Nor.
242 2305 290 2371 96,
307 2321 352 2371 97,
369 2301 505 2354 Summum
526 2303 685 2372 potertitem
704 2302 785 2353 etiem
806 2302 840 2365 ii,
863 2301 911 2372 qui
928 2303 1026 2354 nolunt
1044 2322 1075 2355 eu
1096 2305 1187 2372 nbuti,

116 2385 219 2439 bebere
231 2385 348 2457 copiunt
362 2396 523 2457 optantque,
532 2397 562 2436 ut
571 2384 656 2455 mugit
669 2384 803 2452 coluntur,
815 2395 941 2438 outcome
951 2385 1100 2439 timeantur.

150 2561 220 2608 Vn.
240 2573 284 2622 97.
303 2558 420 2616 Tantum,
437 2572 481 2616 ro,
497 2572 538 2616 rr,
551 2565 661 2618 rt-vr,
674 2571 714 2620 19,
729 2571 773 2614 no,
784 2565 903 2614 on-nt‚
917 2571 959 2616 η,
969 2557 1010 2614 45,
1024 2556 1064 2616 ὗε),
1076 2559 1124 2615 fio,
1136 2558 1188 2615 64,

116 2644 156 2699 ts,
165 2641 202 2703 69
210 2676 218 2698 ‚
227 2650 254 2688 et
262 2641 375 2705 plerique
383 2639 463 2688 codd.
474 2641 547 2688 Perit.
558 2656 610 2688 non
621 2638 728 2704 improb.
737 2637 854 2686 Schunlt.
865 2649 892 2686 ut
902 2638 967 2686 dicut
977 2649 1063 2703 poeta:
1074 2655 1185 2703 quterram
1289 2695 1293 2702 Ι

115 2741 192 2788 neque
203 2723 268 2772 odeo
278 2721 346 2771 bone
357 2733 429 2784 runt,
442 2734 470 2772 nt
482 2739 535 2772 non
547 2725 609 2772 mula
621 2724 728 2772 bobernt
737 2722 864 2771 rdnrixtri'
882 2723 976 2772 Eodem
990 2741 1064 2773 tento
1076 2726 1182 2789 interpp.

115 2818 210 2856 notum
220 2823 277 2856 non
285 2823 371 2855 ornnes
381 2807 500 2872 vulgatam
510 2823 608 2872 qnoque
620 2807 751 2855 lectionem
761 2817 887 2870 oeperunt.
906 2807 942 2854 Ite
954 2825 1012 2856 vero
1026 2823 1085 2856 mox
1098 2819 1125 2854 ut
1136 2823 1185 2854 trun

115 2889 250 2938 diuendnrn
258 2897 323 2948 erut,
332 2904 383 2937 non
395 2900 428 2936 ut.
442 2892 512 2938 Hune
521 2889 687 2938 diiiienltntenr
696 2890 800 2937 eentitte
810 2889 907 2937 ridetur
915 2890 1040 2950 Lnbinue,
1053 2891 1096 2953 qui
1105 2907 1185 2942 ernen-
1247 2905 1248 2912 ¹

115 2973 191 3022 labar
203 2975 238 3019 llt
252 2972 322 3036 (hoe
331 2983 381 3032 ert,
399 2973 494 3039 quum)
508 2971 575 3020 rebus
588 2973 650 3020 loetir
661 2989 712 3038 par
723 2983 759 3019 est
770 2987 883 3019 mensura
899 2971 1016 3022 laborum.
1031 2974 1183 3021 Praestiterit:
1239 2963 1241 2969 ’

117 3059 196 3119 Quum
213 3053 288 3102 rebus
302 3053 363 3101 loetit
376 3070 429 3118 par
441 3053 474 3100 sit
486 3069 597 3102 meritura
610 3053 747 3111 malorum,
765 3053 804 3101 vel
821 3070 877 3118 quoe
890 3055 1012 3116 praelum
1029 3065 1055 3102 et
1065 3071 1185 3120 prospera

118 3133 303 3202 antestant),
317 3137 349 3181 tle
357 3136 426 3184 rebus
439 3135 499 3184 loetis
505 3153 559 3200 par
567 3135 599 3184 sr't
610 3152 723 3186 mensum
734 3136 866 3199 malorum,
877 3148 903 3184 ot
913 3138 945 3184 iio
954 3148 1049 3186 tanturn
1060 3139 1128 3198 urnii,
1138 3155 1185 3186 nee

119 3224 199 3284 potins
210 3221 266 3284 plne
273 3221 388 3282 junctum
400 3219 451 3267 eit?

153 3315 221 3365 Nor.
240 3331 285 3383 97,
298 3312 340 3378 98.
360 3315 410 3363 Sed
422 3331 489 3382 qrrae,
502 3329 638 3383 quterram,
652 3317 774 3378 praelata
788 3327 812 3363 et
823 3333 941 3382 prospera
954 3317 1018 3366 tanti
1029 3313 1185 3368 estimanda

119 3409 195 3459 runt,
213 3410 243 3449 ut
256 3415 288 3448 en
308 3408 429 3466 exoptet,
443 3408 478 3455 ut,
498 3396 552 3447 boe
570 3408 622 3460 ert,
641 3397 774 3466 quamvis,
796 3400 864 3447 rebus
877 3399 937 3448 taeris
949 3416 1002 3463 par
1017 3400 1050 3446 sit
1068 3416 1184 3448 mensura

115 3485 244 3543 malorum,
261 3499 317 3532 non
328 3479 416 3532 minue
429 3478 586 3550 malintque
600 3479 741 3532 infortunii
759 3478 903 3533 admistum
914 3479 957 3531 tit.
976 3480 1074 3531 Confer
1088 3480 1183 3532 Varius

118 3565 265 3617 Lectioner.

538 3691 763 3710 mmmm

153 3829 162 3854 ¹
182 3823 241 3871 vid.
253 3823 319 3887 Lipe.
336 3822 391 3872 Mil.
405 3823 480 3871 Rom.
496 3823 548 3881 111,
559 3831 590 3880 4,
606 3831 631 3869 et
674 3823 708 3870 rie
726 3821 828 3870 relector
843 3837 848 3866 :
866 3835 915 3884 quo
934 3821 1017 3884 potine
1036 3831 1119 3869 castra
1139 3821 1183 3868 clo·

117 3903 211 3962 noe,rd
219 3901 311 3960 Sim,
320 3901 437 3958 550‚vol.
445 3904 465 3958 1,
475 3917 501 3964 p.
514 3903 573 3950 265.
585 3902 629 3947 Eu.
674 3899 774 3948 mettica
787 3909 902 3962 spectent.

151 3988 163 4014 ²
182 3985 330 4045 interpreter
345 3979 394 4030 hoe
409 3979 465 4028 loeo
483 3979 521 4028 tel
537 3989 628 4032 treent,
710 3975 721 4012 3
740 3980 836 4027 Confer.
848 3977 925 4026 Taciti
940 3979 1062 4039 Annuler,
1078 3977 1121 4028 lib.
1137 3977 1183 4038 IV,

117 4061 154 4107 rel
166 4065 274 4126 egregios
287 4059 379 4125 equites
393 4060 534 4108 exittirntnt
547 4059 629 4108 vuenti
673 4073 726 4123 etp.
743 4074 771 4118 ας
789 4059 886 4108 Sueten.
901 4058 983 4108 Tiber.
997 4075 1050 4122 cup.
1069 4061 1117 4120 37;
1135 4058 1182 4105 Dio

117 4141 287 4202 pretorinnur,
301 4140 333 4188 td
348 4139 486 4189 custodituri
501 4140 630 4202 imperato·
673 4148 697 4184 et
710 4137 805 4200 Xipbil.
