3036 4984
346 434 400 498 m
423 435 653 504 semaam
675 442 927 511 nemmem.
1115 452 1157 538 95

107 541 147 592 Cn
158 543 321 616 Pompeium
328 547 471 619 Magnum,
481 547 603 620 duosque
612 549 696 616 iilius,
706 553 813 610 Cnaeum
822 569 849 610 et
860 559 990 615 Sextum.¹
1000 563 1088 616 Crassi
1095 583 1160 618 vero

105 637 126 676 et
138 627 262 700 Pompeii
273 630 366 701 quales
378 645 405 684 et
421 633 515 704 quenti
528 633 626 686 fixerint
642 634 706 698 viri,
718 638 759 691 vel
776 639 907 695 tironibus
922 655 1015 696 uotum
1025 657 1091 699 est.²

134 726 202 778 Nor.
226 746 286 796 1⁰9·
304 731 365 782 Non
383 731 455 804 Sylla
475 730 642 802 designatur,
662 749 746 804 neque
765 737 915 807 Augustus³
932 741 944 808 (
959 759 1020 793 uam
1040 753 1164 795 neutrum

102 813 183 860 everu't
193 811 285 864 nimise
295 815 420 884 potentiss
429 815 579 888 cupiditas)
591 813 689 866 nedum
702 815 800 880 Cinna,
814 818 861 872 sed
871 823 887 873 J
890 821 926 874 ui.
937 821 1001 875 Ces.
1013 823 1059 893 qui
1070 825 1165 894 viginti

104 892 186 944 trihus
201 895 229 944 in
249 909 344 948 senatu
363 897 500 976 eonioesus
515 897 670 951 vulneribus
683 899 778 968 periit,
793 915 935 974 postqum
950 907 1052 972 Quirites
1064 910 1165 960 domitos

103 980 240 1030 fluerat
249 984 289 1031 nd
297 987 437 1052 seastagru
444 1021 453 1048 ,
464 983 516 1036 hoo
531 995 583 1046 est,
597 984 625 1035 in
639 981 790 1038 servitutem
802 987 877 1057 qussi
888 986 1041 1058 redegerat,
1056 1001 1165 1062 oppres·

102 1075 225 1135 seratque
235 1064 384 1120 dominatu.
400 1067 464 1120 Huc
476 1068 551 1120 notio
565 1069 682 1138 graviter
690 1066 729 1121 ita
742 1081 768 1122 et
778 1071 905 1142 preclare
913 1089 1034 1143 expresse
1043 1085 1082 1126 est
1090 1091 1166 1126 :nam

103 1144 191 1200 libere
206 1149 537 1223 reipublicaetemporibns
546 1171 635 1207 sersus
644 1165 762 1219 tantum,
773 1172 828 1207 non
841 1155 912 1208 eires
927 1158 1062 1211 Romanos
1072 1159 1166 1230 virgis,

105 1229 203 1284 nedum
215 1232 343 1304 flagellis,
358 1235 509 1290 crederesne
523 1250 589 1290 erat.
603 1237 680 1291 Cous.
695 1239 752 1302 vt,
771 1244 820 1308 479
834 1257 887 1311 seq.

138 1327 208 1380 Nor.
231 1347 289 1382 rso.
307 1337 418 1382 Summus
426 1351 512 1400 nempe
521 1336 585 1384 luein
590 1335 691 1398 petitus,
701 1332 876 1387 immoderats
884 1334 1019 1390 honorum
1027 1337 1170 1408 regnandi·

105 1431 154 1482 que
167 1413 317 1484 cupiditas,
330 1416 387 1468 scii.
399 1435 444 1468 eos
453 1417 554 1471 euertit
562 1419 678 1468 -Nutla
689 1435 738 1468 non
749 1430 810 1481 ane,
822 1417 895 1469 omni
906 1426 964 1470 arte
972 1437 1005 1472 ac
1015 1419 1111 1486 modo,
1121 1439 1169 1494 per

105 1495 143 1545 ias
154 1513 187 1548 ac
201 1497 285 1550 nefas.

139 1593 211 1646 Nor.
235 1612 294 1646 rrr.
312 1595 389 1648 cont.
400 1615 468 1668 vs.7
485 1609 509 1649 et
526 1597 550 1649 8.
566 1601 661 1665 Murena
674 1611 746 1657 vota,
764 1595 862 1667 quibus
874 1615 971 1668 magna
987 1596 1111 1664 fortuna,
1128 1618 1170 1653 res

106 1691 208 1744 magnes
221 1688 434 1747 expetentum-
443 1682 587 1730 Numinibus
598 1682 726 1748 malignis,
739 1697 798 1750 quta
808 1679 894 1750 specie
904 1678 1063 1750 indulgendi
1074 1696 1171 1736 nocent

105 1770 131 1810 et
142 1760 246 1812 faciunt
258 1775 395 1832 compotes
409 1763 556 1826 malornm,
575 1783 633 1836 que
649 1757 716 1816 dani
727 1762 912 1836 imprudenter
925 1765 1044 1834 roganti,
1058 1785 1112 1837 qun
1124 1787 1171 1839 pe·

106 1853 173 1904 reat;
183 1859 245 1913 quse
258 1857 321 1896 sunt
332 1845 412 1897 verba
423 1846 507 1899 Gron.
519 1847 600 1899 Obss.
614 1847 671 1911 111,
685 1847 715 1898 15
725 1867 732 1912 ;
744 1847 833 1900 Senec.
844 1847 929 1917 Epist.
940 1850 987 1899 60:
997 1849 1061 1914 «Eo,
1071 1849 1171 1920 inquit,

108 1938 168 1977 rota
182 1927 346 1991 inimiciora.
364 1947 418 2000 quo
430 1947 530 1983 cessere
543 1929 644 1983 felicius
655 1947 662 1982 :
672 1927 735 1982 inde
747 1929 859 2002 maligni
869 1928 920 1994 dii,
930 1930 977 2002 qui
988 1950 1037 1985 nos
1048 1932 1173 1989 exaudie-

109 2021 183 2071 runt,
192 2023 237 2068 ut,
252 2029 337 2082 quum
350 2010 384 2063 ad
399 2031 500 2066 summu
512 2014 610 2074 erecti,
625 2014 652 2065 in
663 2011 829 2085 profundum
841 2011 1020 2068 detruderent.
1031 2041 1082 2062 ι-
1092 2017 1171 2071 Eam·

109 2088 170 2143 dem
184 2093 342 2145 sententiam
356 2095 482 2166 expressit
495 2114 608 2167 magnus
619 2100 721 2156 Raeine,
736 2097 844 2161 Metire,
864 2110 916 2149 act.
929 2099 964 2161 V,
979 2115 1015 2151 sc.
1028 2097 1059 2152 3:

294 2211 306 2230 u
314 2191 434 2251 Craiguez,
449 2193 566 2253 seigneur,
578 2196 683 2254 eraigues
694 2209 738 2254 qne
747 2193 770 2240 le
781 2192 824 2239 ciel
837 2196 959 2254 rigoureux

296 2285 308 2303 α
316 2267 351 2309 Ne
360 2279 415 2310 vous
427 2266 498 2311 baisse
507 2281 568 2312 asser
577 2281 636 2327 pour
646 2283 742 2314 enarer
751 2283 792 2313 ros
802 2283 875 2312 roeux.

296 2340 871 2404 usonrentdsnssnooldreilreeoitnosriotimes:
1044 2405 1049 2408 -

296 2416 353 2460 «sm
363 2415 454 2475 pre'sens
464 2423 516 2460 sont
525 2423 620 2460 sonrent
629 2415 651 2460 la
661 2417 729 2474 peine
740 2413 769 2459 de
780 2427 822 2457 nos
830 2415 918 2458 crimes.
925 2433 938 2452 ι»
1115 2417 1157 2461 En.

140 2563 210 2608 Vsa.
233 2576 292 2608 rra.
310 2561 478 2621 Aruseium,
501 2565 539 2622 ιδ,
555 2571 596 2618 at.
616 2559 671 2609 Sine
687 2559 754 2608 erede
772 2569 795 2607 et
806 2558 924 2623 sangiune
941 2555 1090 2625 (ἀναιμωτὶ,
1109 2561 1176 2624 apnd

109 2647 208 2694 doura.
219 2655 245 2692 et
255 2645 373 2709 Oppian.)
386 2661 431 2706 m
445 2647 512 2694 Serv.
523 2646 555 2693 sd
565 2645 634 2709 virg.
648 2653 672 2692 et
683 2643 741 2692 Joh.
752 2639 867 2691 Sslisbur.
879 2642 905 2688 in
917 2642 1072 2702 Pollerstieo‚
1083 2646 1122 2702 ΙΙ,
1137 2645 1178 2705 ι5,

109 2728 197 2791 probb.
212 2727 332 2776 Sehnnfl.
345 2738 369 2774 st
382 2729 467 2777 Heius.
480 2729 512 2776 ad
525 2727 652 2778 Claudiam
668 2727 696 2774 in
710 2727 766 2775 cos.
786 2729 812 2784 13
825 2725 899 2774 stilio.
910 2728 950 2783 ΙΙ,
969 2741 1011 2789 19,
1028 2728 1071 2790 qni
1088 2727 1178 2776 eadm

110 2827 153 2874 pro
165 2813 313 2874 gioenmste
327 2811 456 2860 habebant.
475 2811 524 2859 Sed
542 2810 642 2876 sanguis
657 2811 740 2874 potius
755 2810 997 2874 interpretamentum
1012 2811 1123 2859 valueris
1137 2821 1178 2860 aut

110 2905 173 2942 terte
182 2893 258 2942 eredis
270 2911 323 2942 esse
333 2895 430 2943 ridetur
439 2895 513 2960 (uam
524 2893 606 2942 ceder
618 2904 642 2942 et
657 2891 725 2958 φόνος
736 2909 798 2958 sirpe
812 2908 858 2957 pro
871 2894 988 2958 sangnine
1001 2903 1025 2940 et
1037 2890 1122 2960 αἵματι
1130 2909 1177 2958 po·

111 2977 225 3042 mutar),
233 2989 258 3024 et
266 2977 365 3028 Servius
373 2979 492 3041 permulta
505 2987 614 3025 veterum
623 2976 770 3039 scriptorum
778 2973 832 3024 loca
843 2976 983 3023 memoriter
994 2975 1108 3024 laudarit.

143 3073 215 3125 Nor.
229 3091 289 3125 rra.
305 3075 348 3122 Ad
354 3090 469 3138 persenam
480 3075 584 3132 Cereris,
597 3070 632 3124 ad
643 3071 796 3130 Plutonem,
808 3070 855 3142 qui
866 3072 1063 3142 Proserpinam,
1076 3072 1179 3126 Cereris

114 3151 213 3218 filiam,
225 3155 334 3226 rapuit,
348 3156 401 3208 hou
415 3168 466 3222 est,
484 3155 519 3208 ad
540 3155 653 3219 inferos,
670 3157 832 3215 descendunt,
849 3156 1010 3206 moriuntur.
1033 3183 1070 3195 -
1088 3161 1178 3224 Reges,

115 3235 174 3287 ride
186 3237 221 3290 ad
235 3239 264 3303 1,
282 3236 341 3289 136.
364 3267 401 3279 -
425 3241 504 3288 Morte
515 3240 594 3302 eirea,
606 3249 659 3290 ret.
678 3234 768 3289 Sobel,
787 3247 874 3290 reete:
888 3236 1058 3299 «incruenta,
1078 3255 1109 3289 ae
1132 3255 1180 3308 per

116 3317 168 3370 hoc
181 3321 310 3386 naturali,
322 3333 408 3373 morte
420 3339 474 3374 sua.
483 3345 494 3367 ι
506 3321 645 3391 (αὐτομάτῳ
656 3319 773 3390 θανάτῳ.)
785 3325 883 3372 renam
896 3325 977 3371 Marte
987 3335 1119 3380 auennsm,
1132 3324 1179 3371 sie·

114 3421 245 3469 rumpere,
260 3403 330 3458 dixit
347 3403 488 3458 Claudiam.
501 3405 599 3468 xxtl,
613 3407 654 3469 16,
665 3403 714 3458 ubi
727 3403 781 3458 vid.
796 3404 902 3474 Koeuig.

150 3561 217 3608 Vn.
239 3571 297 3618 ιιι.
316 3564 354 3609 Ae
368 3560 470 3628 famarm
489 3579 536 3627 pro
555 3563 727 3629 summam,
745 3561 812 3624 qnod
834 3561 916 3609 minue
933 3567 1017 3624 aptum
1032 3556 1181 3621 nuribusque

537 3729 766 3752 mmmm

154 3870 163 3894 ¹
184 3865 219 3910 De
234 3878 342 3925 quorum
358 3873 436 3910 morte
450 3862 506 3910 ride
521 3863 629 3928 Appiau.
674 3878 714 3924 7⁰.
723 3861 764 3909 Ad
776 3861 822 3908 hos
832 3869 913 3909 tumen
919 3869 994 3926 poeta
1003 3875 1056 3910 nou
1068 3859 1182 3924 respexit.

118 3939 530 4004 Reli.cir.tl.81-86‚rotsq.V‚
540 3953 629 4008 κως.
709 3939 721 3976 ³
739 3943 816 3990 Fuere
830 3941 896 3989 enim
910 3942 953 4005 qui
966 3951 1092 4006 putarent,
1106 3938 1182 3988 menti

152 4028 165 4054 ²
185 4023 312 4070 Perierunt
327 4022 399 4070 etlam
416 4023 458 4070 alii
475 4032 499 4070 et
512 4023 592 4072 Crassi
607 4033 631 4070 et
673 4033 750 4088 poetae
759 4023 913 4070 obversatum
923 4038 975 4070 esse
985 4021 1107 4070 somnium
1117 4020 1184 4069 Cice·

117 4097 232 4164 Pompeii
243 4103 271 4148 in
282 4101 349 4150 bello
362 4101 445 4161 cirili;
458 4101 514 4150 ride
524 4101 630 4166 Appiau.
675 4103 743 4150 sonis
753 4101 784 4148 de
797 4101 859 4148 Jove
873 4099 994 4166 flagsilum
1008 4099 1118 4147 tradente
1131 4099 1183 4144 An·

114 4177 163 4228 tou.
174 4180 216 4227 cit.
231 4180 275 4230 lib.
288 4183 316 4240 Ι,
331 4197 353 4230 o.
368 4181 415 4240 56,
427 4183 470 4243 63,
486 4197 516 4242 ra
526 4196 533 4240 ς
545 4179 588 4227 lib.
599 4182 631 4239 V,
676 4191 747 4244 gusto
758 4179 991 4244 porrovidesuet.
1002 4179 1095 4240 Ange.
1106 4184 1147 4238 94·
