3042 4984
338 401 404 478 434
495 395 668 464 VARIAE
691 395 987 462 LECTIONES
1010 395 1074 462 ET
1098 394 1252 463 NOTAE

337 515 406 580 poris
419 514 509 564 irustrs
520 513 709 578 expectaveris,
722 523 842 578 quantum
855 513 1041 578 loquacissimos
1053 513 1205 575 causidicos,
1221 511 1288 560 diem
1304 507 1399 557 diceudo

338 599 447 647 eximere
456 609 554 658 suctos,
565 599 593 644 iu
603 597 672 645 Urbe
683 597 773 645 lusere
784 597 875 662 possit,
887 607 915 646 ut
923 597 985 646 alter
993 598 1025 646 sd
1035 598 1196 648 iudicandum
1203 611 1286 646 seran
1293 593 1340 642 diei
1347 605 1400 642 ten·

337 701 385 748 pua
405 684 529 734 iucem
544 693 648 747 posset,
663 681 724 732 alter
734 681 812 730 uriuae
825 681 917 742 injuris
934 682 978 730 vix
989 683 1079 730 moesti
1090 683 1222 745 sutiam
1236 679 1317 728 abibis
1329 687 1402 724 taueu

338 783 390 816 uos
399 767 478 818 solum
489 781 543 816 uon
553 765 670 830 expedito
679 754 794 831 uipotim
806 765 849 814 sed
862 781 908 814 uec
920 768 1048 832 proposita
1059 767 1162 816 sotioue.

374 848 443 902 Nor.
463 847 495 910 45
507 865 561 918 seq.
583 847 701 898 ecdicius
715 859 741 900 et
753 851 842 898 Fuscus
852 847 963 900 uomius
975 865 1030 900 uon
1039 845 1175 920 judicum,
1188 845 1296 916 opinor,
1307 839 1351 894 sed
1360 856 1401 912 pe·

337 945 477 984 tronorum
488 949 643 985 caussarum
654 949 660 984 :
672 930 746 986 uude
756 945 784 986 et
787 933 915 999 focaudus
925 932 971 985 ille
982 929 1089 985 dieitur.
1099 928 1219 994 Alius,ui
1233 927 1325 993 iallor,
1338 925 1404 976 0εό

336 1020 386 1068 eius
396 1029 560 1068 memoratur
571 1015 650 1080 xlll,
662 1033 711 1087 ¹97
724 1019 763 1086 (et
771 1016 851 1070 lectio
860 1017 940 1070 etiam
952 1018 981 1070 h.
995 1018 1013 1070 l.
1026 1017 1111 1070 dubia
1121 1030 1177 1082 εει,
1189 1013 1237 1068 vid
1247 1011 1404 1074 VanLeetl.

337 1099 406 1152 alius
417 1107 525 1171 quoque
536 1103 629 1150 Fuscus
641 1099 692 1164 IV,
710 1117 757 1152 rsa
768 1139 776 1166 ,
788 1097 835 1152 sed
848 1098 918 1152 idem
931 1098 1000 1152 forte
1013 1099 1083 1165 XII,
1098 1098 1144 1164 453
1159 1099 1229 1152 Plio.
1240 1097 1292 1169 Ep.
1303 1094 1404 1160 v11,9.

334 1195 362 1238 et
373 1183 495 1237 Aurelius
508 1183 530 1236 F
530 1201 610 1237 oscus
620 1221 628 1248 ,
639 1196 771 1256 patronus
783 1182 895 1255 insignis
908 1183 988 1256 hujus
1000 1185 1141 1256 temporis,
1153 1182 1275 1238 Martial.
1289 1178 1358 1242 vn,
1370 1193 1405 1246 ¹7·

337 1267 428 1320 Verba
447 1280 537 1320 autem
556 1267 670 1320 obseura
682 1269 709 1321 h.
728 1268 781 1322 loc.
795 1268 876 1340 vulgo
887 1277 1025 1338 exponunt
1036 1267 1092 1319 ita:
1108 1267 1214 1318 cadicio
1221 1267 1279 1332 jum
1288 1273 1404 1331 ponem,

336 1347 504 1421 deponente,
518 1353 643 1412 lacernas,
656 1363 686 1403 ut
699 1351 742 1404 vel
754 1363 817 1422 agat
827 1361 963 1412 caussam,
974 1351 996 1403 si
1005 1361 1135 1423 patronus
1147 1361 1200 1416 est,
1212 1347 1271 1410 vel,
1282 1346 1305 1398 si
1316 1341 1405 1418 jadex·

337 1451 396 1486 eam
411 1432 519 1496 audiat,
535 1445 582 1486 aut
594 1432 745 1506 deponente
760 1435 795 1487 oh
807 1445 914 1498 testum,
937 1431 1002 1486 dum
1018 1444 1153 1506 exspectat
1168 1429 1276 1504 judices
1292 1441 1319 1482 et
1332 1425 1407 1496 frigus

337 1527 430 1588 captat
450 1514 565 1570 vestium
583 1533 665 1570 onere
679 1529 806 1588 grasstus
814 1556 822 1582 ,
840 1529 865 1566 et
876 1520 953 1566 Fusco
968 1513 1061 1588 judice
1070 1517 1126 1584 jam
1142 1515 1296 1564 »sicumare
1309 1521 1364 1561 tuus
1374 1506 1405 1559 oh

335 1599 446 1669 longam
461 1597 572 1652 sedendi
589 1612 616 1652 et
628 1597 799 1670 exspectandi
811 1611 927 1665 morsm',
940 1612 998 1651 tum
1011 1598 1047 1650 ob
1065 1597 1168 1670 largam
1182 1595 1251 1648 sueri
1263 1593 1405 1666 potionem

335 1682 429 1754 qssales
439 1681 543 1756 judiees
554 1695 632 1736 notat
644 1683 732 1736 Titius
747 1701 791 1754 sp.
803 1683 927 1736 Macrob.
940 1682 995 1735 Sat.
1010 1683 1066 1746 111,
1081 1685 1128 1734 16:
1141 1679 1316 1734 .deserihens
1326 1676 1404 1730 lromi·

335 1783 383 1818 ucs
401 1764 532 1836 prodigos
551 1766 681 1818 lusorum
698 1763 923 1836 adjudicandum
941 1765 1031 1818 ebrios
1048 1775 1245 1817 commeantes:
1258 1760 1405 1815 reuiuutiu

336 1847 476 1902 consitium
496 1848 599 1913 tristes;
614 1849 711 1920 jubent
726 1845 831 1912 dicere,
843 1865 959 1920 quorum
973 1849 1110 1919 negotium
1125 1860 1182 1912 est,
1192 1857 1305 1900 nument
1314 1865 1321 1896 e
1331 1843 1406 1918 judex

335 1943 414 1984 testes
425 1931 529 2003 poscit,
540 1931 615 2004 ipsus
629 1933 650 1984 it
662 1933 772 1984 mictum
784 1951 790 1984 ι
805 1931 852 1984 ubi
864 1931 947 1992 redit,
962 1933 1000 1985 ait
1009 1951 1037 1986 se
1048 1931 1182 1986 sudis-isse
1192 1932 1298 1996 omnis,
1308 1929 1405 1982 tabulas

335 2012 438 2085 poscit,
450 2015 542 2066 literss
553 2012 675 2084 inspicit,
686 2015 731 2068 sis
744 2029 799 2086 pres
812 2015 877 2069 sino
891 2015 1004 2068 sustinet
1014 2014 1168 2085 palpebras.
1178 2039 1189 2060 ι
1200 2015 1216 2066 J
1220 2012 1312 2066 udices
1321 2011 1406 2064 sedeat

335 2097 430 2159 otiosi,
444 2095 532 2150 donec
546 2095 628 2150 tedio
642 2117 723 2151 ruore
743 2099 834 2153 allecti
848 2101 970 2154 lucernas
984 2095 1141 2169 deponunt,
1161 2095 1270 2150 Calder.
1283 2094 1338 2148 Sed
1349 2111 1403 2148 vers

336 2193 391 2245 est,
406 2181 512 2254 opinor,
528 2181 607 2234 Heiu.
621 2181 807 2253 interpretatio
819 2203 825 2232 :
837 2183 992 2236 «iuvenalis
1004 2193 1095 2256 aperte
1110 2180 1192 2234 dicit:
1206 2181 1309 2253 Sepius
1319 2179 1341 2230 si
1357 2181 1405 2250 jaus

336 2265 365 2318 in
377 2275 475 2328 coest,
488 2273 519 2316 ut
533 2277 631 2316 nostre
650 2263 710 2316 lites
731 2261 921 2337 dijudicentur,
938 2265 961 2316 si
976 2277 1097 2318 oratores
1109 2283 1138 2316 se
1150 2266 1207 2336 jam
1220 2263 1254 2316 sd
1270 2259 1407 2316 dicendum
1513 2291 1514 2314 t

335 2361 447 2422 parent,
457 2345 564 2418 aliquid
574 2346 617 2410 fit,
629 2365 684 2419 quo
692 2345 824 2418 judicium
834 2347 969 2401 dissertur.
980 2349 1040 2402 Hoc
1049 2350 1087 2401 its
1097 2349 1241 2422 expressit:
1254 2349 1410 2418 Sisacssdss

340 2434 460 2484 Coedkiss
467 2434 523 2497 jans
537 2433 610 2499 ponit
624 2435 747 2490 lacernas,
763 2443 793 2482 ut
805 2429 831 2482 iu
849 2442 911 2502 toga
922 2433 1071 2486 orationem
1083 2451 1159 2485 suam
1170 2431 1269 2486 hebeat
1285 2431 1413 2500 (lacem

337 2517 409 2570 enim
421 2515 491 2584 togis
511 2512 773 2586 superinduebautur
791 2525 818 2566 et
837 2526 902 2586 toga
920 2513 1010 2569 induti
1024 2535 1081 2570 esse
1099 2515 1236 2569 debebant
1251 2513 1365 2579 dicturi,
1379 2513 1413 2565 ci.

338 2601 420 2654 Mart.
432 2599 519 2663 Vlll,
534 2600 581 2660 ²8,
592 2611 620 2651 et
628 2599 697 2650 Pliu.
708 2599 758 2668 Ep.
770 2597 811 2660 Π,
825 2601 857 2664 S,
869 2610 896 2651 et
906 2597 956 2662 lv,
968 2602 1009 2668 a),
1024 2611 1050 2652 et
1058 2605 1148 2650 Fuscus
1155 2604 1214 2670 jans
1226 2600 1339 2663 micwsit,
1350 2596 1414 2670 quia
1512 2633 1513 2680 3

338 2703 400 2740 mox
416 2681 539 2736 dicturus
554 2694 610 2746 est,
632 2694 659 2734 et
679 2681 764 2752 igitur
783 2679 952 2753 aliquamdiu
964 2683 1017 2736 lsoc
1029 2683 1118 2737 lacere
1131 2703 1186 2736 nou
1198 2695 1306 2755 potem
1324 2681 1414 2736 sihuc

339 2767 431 2822 omnia
442 2765 545 2818 liuntet
555 2765 643 2836 petati
653 2782 745 2818 sumus
755 2762 790 2818 ad
798 2764 855 2817 hee
866 2763 1003 2818 audienda
1014 2779 1041 2820 et
1054 2785 1104 2820 uos
1116 2765 1314 2832 defendendos,
1327 2779 1416 2819 umen

340 2849 436 2921 sepius
455 2848 553 2906 iuieets
568 2867 598 2902 re
614 2845 720 2919 digredi
733 2849 821 2902 coacti
837 2867 939 2902 sumus.
949 2874 961 2896 ι
973 2851 1112 2904 Fet-rarius
1126 2849 1161 2905 de
1172 2869 1201 2904 re
1217 2863 1284 2905 vest.
1301 2851 1352 2915 IV,
1372 2848 1415 2900 si.

339 2963 351 2982 η
362 2933 426 2988 Non
436 2931 483 2996 its,
493 2929 589 3002 iuquit,
601 2944 768 3003 compertum
778 2931 843 2984 mihi
857 2944 906 2995 est,
917 2949 966 2984 cur
976 2935 1096 2986 coiacus
1103 2936 1214 3002 posueris
1223 2937 1350 2986 lam:
1358 2949 1416 2984 uon

340 3015 414 3088 qttod
427 3014 588 3085 defatigatus
601 3028 669 3070 esset
678 3014 868 3088 exspectando,
878 3033 935 3070 uon
945 3017 1017 3070 euim
1029 3029 1208 3072 moramur
1222 3017 1316 3085 aliem
1329 3033 1417 3088 neque

340 3097 457 3152 dicendo
469 3098 633 3163 delassatus,
645 3099 767 3154 nondun
778 3100 851 3154 euim
864 3119 958 3154 oeussn
972 3113 1060 3172 eopts
1075 3115 1150 3155 erut:
1163 3102 1278 3156 fortuse
1294 3101 1359 3173 quis
1371 3098 1416 3154 di·

341 3182 411 3234 cturi
426 3186 540 3233 lacernas
560 3185 728 3249 deponebant,
740 3184 769 3236 iu
789 3202 844 3256 quo
862 3197 952 3237 tamen
963 3185 1073 3251 haesito,
1089 3205 1173 3258 quum
1190 3199 1287 3240 auctor
1300 3185 1370 3238 Disl.
1383 3183 1420 3237 de

341 3277 441 3317 orator.
452 3282 511 3336 cap.
525 3265 570 3332 39,
582 3265 661 3318 etiam
669 3271 784 3334 poenuias
796 3266 941 3339 iungendo
952 3267 1088 3321 adhibitas
1097 3267 1180 3323 dieat.
1191 3295 1202 3316 ι
1216 3271 1352 3322 nectem
1362 3287 1420 3320 uou
1510 3295 1511 3352 ἐ

338 3349 410 3420 justa
421 3345 564 3400 haesitandi
580 3349 652 3400 ratio
665 3361 713 3401 est.
727 3353 832 3402 Peentalis
845 3363 902 3404 tum
914 3353 1059 3406 utebantur
1075 3353 1189 3406 Romani
1201 3353 1285 3406 ctiam
1299 3353 1327 3404 iu
1341 3351 1420 3404 Urbe

340 3433 483 3504 frigoriset
490 3432 588 3503 pluvie
596 3451 688 3486 caussa
699 3433 766 3502 (vid.
777 3432 812 3486 ad
821 3435 855 3500 V,
867 3439 920 3506 79),
931 3437 991 3505 togis
1001 3437 1028 3490 iu
1039 3439 1178 3510 publicum
1189 3436 1327 3509 prodituri
1336 3435 1420 3506 (uude

340 3527 367 3568 et
379 3529 448 3587 togae
459 3515 560 3568 mentio
573 3515 604 3570 fit
619 3517 646 3569 iu
660 3517 755 3570 vestitu
769 3517 898 3590 cultuque
912 3522 1026 3574 oratoris
1037 3521 1112 3594 apud
1126 3521 1245 3587 Quintil.
1256 3521 1310 3587 xl,
1323 3522 1374 3589 3),
1393 3534 1420 3573 et

340 3601 454 3650 lacernas
474 3599 544 3670 togis
558 3600 723 3673 injiciebant.
737 3599 800 3654 Vid.
816 3601 851 3655 ad
863 3604 920 3669 1x,
938 3606 979 3668 28,
993 3625 1041 3676 ²93
1060 3610 1185 3658 iacentum
1202 3605 1348 3678 legendum
1362 3625 1419 3658 esse
1509 3671 1510 3674 Ἴ

339 3682 368 3734 lr.
380 3684 433 3735 loe.
446 3685 577 3756 suspicari
589 3685 684 3758 possis.
696 3684 749 3738 Sed
761 3705 830 3760 sepe
840 3687 911 3762 plur.
923 3709 974 3760 pro
985 3689 1054 3760 sing.
1062 3691 1155 3744 Verba
1164 3703 1254 3744 sutem
1264 3695 1358 3742 Fuscus
1364 3693 1418 3758 jusu

339 3766 446 3816 mieusn't
466 3769 528 3839 plus
548 3770 575 3824 in
597 3789 703 3824 recessu
723 3770 823 3824 habere
846 3771 981 3838 videntur,
1000 3793 1082 3846 quam
1093 3775 1182 3828 iroute
1202 3773 1380 3848 promittuut,
1393 3785 1420 3826 et

339 3857 420 3918 poeta
433 3851 568 3918 satiricus,
583 3855 612 3906 ni
624 3853 713 3918 iullor,
723 3872 779 3908 non
790 3849 873 3908 modo
884 3870 1028 3927 patronum
1039 3877 1138 3916 cauae
1149 3879 1213 3912 mox
1223 3857 1363 3912 dicturam
1373 3856 1419 3909 de·

340 3929 446 3999 signare
457 3935 558 4000 voluit,
571 3935 709 3992 sedetiam
721 3939 763 3992 vel
775 3939 917 4010 loquacem
929 3941 1071 4014 pluresque
1083 3942 1239 4015 clepsydras
1250 3953 1418 4013 poscentem,
1508 3937 1509 3970 l

339 4013 381 4067 sel
392 4027 552 4086 potatorem,
562 4021 623 4094 qui,
638 4035 668 4078 ut
677 4021 761 4096 judex
770 4025 817 4078 ille
825 4023 899 4096 apud
909 4027 1031 4080 Macroh.
1043 4027 1062 4080 l.
1073 4025 1148 4082 laud
1158 4028 1256 4100 sepios
1264 4028 1286 4082 it
1294 4025 1417 4080 mictum

339 4093 416 4150 Idem
426 4099 517 4154 iorsuu
533 4105 636 4162 Fuscus
646 4120 677 4162 ut
688 4109 798 4162 vinosus
811 4120 922 4166 notatur
933 4128 948 4164 a
961 4111 1042 4166 Mart.
1058 4110 1129 4176 VII,
1143 4129 1185 4182 η,
1197 4124 1225 4166 et
1238 4113 1296 4183 ejus
1309 4126 1417 4182 quoque
1449 4140 1451 4144 >

338 4183 433 4254 conjux
450 4197 481 4238 ut
496 4185 603 4241 ebriosa
614 4227 621 4252 ,
634 4207 716 4263 supra
727 4192 796 4256 x11,
810 4193 852 4256 4⁵.
