3042 4984
334 381 524 450 SATIRA
547 383 743 450 DECIMA
765 385 940 450 SEXTA.
1108 385 1171 464 423

101 497 328 567 Excusaturos
344 526 413 569 non
430 499 643 570 sollicitemus
658 499 795 571 amicos.

148 606 201 673 Da
213 621 351 696 testem,
368 610 472 704 judex
488 633 591 704 quum
609 609 752 697 dixerit3
771 609 890 680 audeat
905 609 975 696 ille,

100 717 225 787 Nescio
239 721 330 813 quis,
349 745 479 816 pugnos
494 721 552 815 qui
566 721 668 808 vidit,
689 721 816 809 dicere,
830 721 930 792 Vidi?
1140 742 1173 796 30

100 829 143 895 Et
158 826 293 897 credam
309 830 449 924 dignum
466 830 569 900 barba
585 830 795 926 dignumque
810 834 938 928 capillis

101 937 271 1030 Majorum
287 965 295 1007 ε
314 941 411 1009 citius
428 938 549 1010 falsum
566 941 755 1036 producere
770 959 888 1013 testem
999 1019 1005 1030 ‚

98 1051 229 1118 Contra
242 1077 411 1147 paganum
427 1055 550 1149 possis,
567 1077 667 1148 quam
681 1079 760 1123 vera
774 1053 970 1150 loquentem

100 1161 229 1230 Contra
247 1162 419 1232 fortunam
435 1166 553 1234 armati
570 1180 755 1260 contraque
770 1165 947 1260 pudorem.

149 1273 293 1358 Praemia
306 1293 399 1342 nunc
412 1274 491 1361 alia,
507 1290 607 1370 atque
623 1275 686 1344 alia
700 1275 927 1347 emolumenta
942 1290 1096 1347 notemus
1137 1293 1169 1345 35

101 1383 420 1454 sacramentorum:
436 1383 622 1456 convallem
640 1386 728 1455 ruris
740 1387 820 1456 aviti

101 1493 301 1586 Improbus,
321 1507 378 1563 aut
394 1519 551 1588 campum
568 1496 651 1564 mihi
667 1498 694 1565 si
709 1498 840 1566 vicinus
857 1485 1000 1585 ademit,

100 1602 145 1668 Et
165 1627 299 1673 sacrum
319 1604 439 1674 effodit
456 1607 567 1676 medio
584 1606 626 1675 de
643 1605 746 1676 limite
760 1631 893 1690 saxum,

100 1708 204 1796 Quod
221 1737 293 1782 mea
309 1739 386 1784 cum
401 1714 514 1784 vetulo
530 1715 634 1786 coluit
651 1715 727 1811 puls
745 1740 857 1786 annua
875 1717 961 1804 libo;

102 1820 248 1891 Debitor
259 1838 317 1893 aut
331 1825 482 1918 sumptos
497 1829 607 1922 pergit
626 1852 694 1896 non
712 1825 854 1895 reddere
867 1851 1006 1912 numne,
1140 1843 1172 1900 to

101 1929 198 1998 Vana
212 1936 409 2028 supervacui
426 1934 540 2005 dicens
558 1937 784 2032 chirographa
800 1935 905 2032 ligni:

103 2042 355 2135 Exspectandus
369 2045 449 2132 erit,
466 2047 525 2140 qui
543 2046 616 2116 lites
630 2046 784 2132 inchoet,
799 2070 906 2116 annus

104 2153 222 2222 Totius
239 2154 378 2250 populi3
397 2157 455 2225 sed
471 2171 554 2226 tunc
568 2178 701 2252 quoque
719 2157 810 2227 mille
828 2158 966 2252 ferenda

104 2261 234 2350 Taedia,
249 2263 339 2333 mille
353 2291 477 2355 morae,
500 2267 596 2336 toties
611 2266 771 2336 subsellia
782 2283 914 2337 tanturn

101 2500 201 2572 mum,
215 2501 340 2559 audeat?
354 2502 464 2562 Omitte
477 2503 568 2580 igitur
580 2503 736 2578 lacrymam
750 2503 812 2560 noli
825 2502 931 2562 amicos
944 2520 1065 2580 urgere,
1079 2501 1131 2578 qui
1146 2513 1172 2560 te

103 2593 236 2668 rogaturi
251 2592 323 2664 sint,
341 2605 374 2650 ut
389 2613 419 2656 se
432 2594 537 2652 habeas
551 2606 708 2678 excusatos.

143 2703 191 2761 ²9·
214 2688 312 2756 Quum
323 2687 414 2762 judex
426 2698 526 2745 testem
539 2687 665 2764 proferri
676 2697 771 2774 petpt,
788 2686 882 2745 adduc
895 2688 1033 2762 aliquem,
1050 2684 1135 2742 etiam
1149 2685 1174 2742 si

100 2779 174 2835 ictus
186 2799 353 2858 pugnorum
366 2783 464 2840 militis
477 2783 508 2838 in
523 2794 574 2846 tuo
586 2793 715 2840 recentes
730 2799 782 2838 ore
792 2780 913 2850 viderit,
930 2799 960 2838 se
972 2778 1078 2836 vidisse
1089 2775 1172 2834 affir-

101 2882 247 2930 maturum
257 2872 269 2929 i
279 2876 341 2950 Ego
353 2892 441 2944 vero,
453 2875 477 2932 si
491 2875 555 2950 quis
570 2875 607 2932 sit
621 2873 781 2951 ejusmodi,
790 2875 868 2930 hunc
882 2872 1001 2950 dignum
1015 2869 1173 2948 majoribus

101 2965 227 3036 nostris,
242 2966 347 3041 quibus
362 2967 451 3024 barba
465 2968 618 3044 capillique
636 2956 758 3038 intonsi,
768 2966 915 3044 judicabo.
937 2969 1039 3044 Longe
1050 2964 1174 3031 facilius,

102 3058 174 3114 mihi
190 3060 289 3130 crede,
308 3061 394 3118 falsus
412 3060 490 3118 testis
502 3061 533 3118 in
550 3061 643 3118 civem
656 3070 786 3138 togatum
800 3059 976 3132 invenietur,
990 3077 1076 3134 quam
1087 3075 1173 3114 verus

102 3153 133 3208 iu
145 3152 281 3223 militem,
294 3154 346 3230 qui
363 3154 423 3228 ejus
434 3154 565 3212 fortunas
580 3163 629 3210 aut
639 3152 744 3210 samam
756 3153 849 3210 ledat.

140 3244 190 3302 35.
213 3246 415 3324 Expendamus
435 3247 490 3304 alia
508 3266 569 3304 nou
589 3265 677 3324 pauca
701 3245 842 3304 militibus
867 3252 1046 3302 sacramento
1068 3239 1174 3300 coactis

101 3356 235 3396 ccncoesa
255 3341 449 3398 emolumenta
469 3351 497 3397 et
517 3338 679 3416 privilegia.
699 3339 732 3398 Si
742 3339 860 3398 ‘vicinus
878 3355 1004 3414 nequam
1023 3347 1052 3392 et
1072 3352 1175 3392 avarus

102 3431 221 3488 abstulit
243 3431 329 3502 mihi,
347 3434 395 3490 vel
410 3451 543 3507 campum
556 3434 689 3507 planum,
709 3433 755 3489 vel
775 3450 877 3509 agrum
891 3429 1014 3489 collibus
1030 3427 1173 3493 cinctum,

101 3543 117 3580 a
133 3523 293 3599 majoribus
308 3526 381 3584 mihi
397 3511 529 3583 relictum
545 3547 551 3582 :
573 3526 598 3584 si
613 3526 723 3584 emovit
738 3525 863 3601 lapidem
882 3523 1064 3582 terminalem
1078 3530 1108 3576 et
1127 3537 1175 3574 sa-

101 3635 199 3688 crum,
213 3637 300 3694 quem
314 3617 401 3675 certis
416 3617 579 3688 sacrificiis,
602 3620 710 3694 pultem
725 3639 757 3676 ac
772 3619 915 3695 placentas
930 3615 986 3694 ipsi
1003 3615 1173 3690 imponens,

100 3727 230 3768 amaror
243 3691 413 3784 quotannis3
431 3711 455 3768 si
469 3711 586 3770 debitor
600 3722 686 3788 negat
699 3710 772 3768 mihi
785 3710 936 3770 restituere
948 3717 1079 3777 mutuos,
1097 3723 1114 3759 a
1128 3720 1173 3760 me

102 3821 177 3877 quos
200 3803 310 3878 accepit
326 3822 444 3870 numos,
463 3814 494 3860 et
508 3803 750 3881 chirographum,
767 3803 847 3878 quod
870 3801 958 3876 ipsius
979 3817 1067 3858 manu
1079 3815 1173 3872 appo-

101 3895 190 3953 situm
205 3895 248 3952 illi
258 3896 398 3966 ostendo,
408 3895 509 3952 fulsum
522 3895 722 3952 essedictitat:
739 3895 815 3966 haec,
828 3895 962 3969 inquam,
971 3891 995 3949 si
1008 3889 1086 3968 apud
1096 3887 1174 3962 judi-

103 4009 149 4048 ces
167 3993 302 4066 persequi
317 3991 420 4058 velim,
439 3991 662 4066 exspectandum
680 3989 736 4048 erit
755 3990 954 4048 dunecanum
975 3996 1054 4044 totus
1073 3984 1172 4042 litibus

101 4083 204 4160 populi
217 4083 401 4160 impendatur
413 4083 590 4157 judicandis,
605 4095 758 4160 autequam
773 4101 835 4140 mea
849 4081 1019 4156 inchoetur:
1036 4078 1088 4136 ubi
1100 4095 1170 4136 vcro

105 4186 217 4253 tempus
240 4175 406 4250 advenerit,
427 4185 574 4236 sexcentas
592 4195 688 4235 moras
707 4195 739 4233 ac
762 4175 845 4234 taedia
866 4173 994 4251 perferre
1014 4169 1170 4247 oportebit.
