2992 4984
310 440 375 520 314
597 441 638 504 D.
661 438 792 506 JUNll
815 439 832 502 J
841 437 1090 504 UVENALIS

307 561 351 627 Et
369 555 450 627 laevo
467 558 598 626 monitu
614 581 738 652 pueros
755 553 914 651 producit
927 579 1066 641 avaros,

305 665 375 736 *Et
393 667 450 762 qui
470 693 532 762 per
545 666 681 736 fraudes
696 665 900 762 patrimonia
918 663 1158 757 conduplicare

307 779 375 846 Dat
390 773 594 865 libertatem,
611 791 645 847 et
657 790 743 847 totas
759 775 904 845 effundit
920 777 1068 845 habenas

307 884 509 956 Curriculo:
527 911 629 980 quem
645 887 672 955 si
688 909 842 971 revoces,
859 885 1038 956 subsistere
1051 887 1173 972 nescit,

307 999 352 1066 Et
366 1011 398 1066 te
414 1011 585 1067 contemto
601 999 744 1093 rapitur,
763 996 926 1090 metisque
943 995 1081 1067 relictis.

307 1109 418 1179 Nemo
434 1111 512 1178 satis
525 1108 632 1179 credit
646 1123 777 1180 tantum
789 1104 1006 1200 delinquere,
1020 1121 1183 1201 quantum

307 1219 484 1288 Permittas
499 1243 507 1286 :
527 1220 610 1288 adeo
624 1216 800 1312 indulgent
814 1217 877 1285 sibi
894 1215 991 1285 latius
1004 1215 1087 1311 ipsi!

356 1329 472 1418 Quum
487 1328 569 1398 dicis
582 1327 721 1424 juveni,
735 1325 892 1412 stultum,
909 1325 967 1420 qui
981 1325 1088 1396 donet
1098 1328 1226 1411 amico,
1331 1335 1377 1388 235
1492 1317 1493 1324 '

307 1439 378 1528 Qui
396 1454 627 1533 paupertatem
643 1437 732 1509 levet
749 1436 947 1530 attollatque
961 1437 1167 1531 propinqui;

307 1551 352 1618 Et
364 1546 506 1643 spoliare
520 1547 635 1634 doces,
652 1561 686 1616 et
700 1546 991 1631 circumscribere,
1006 1561 1041 1614 et
1057 1545 1150 1614 omni

307 1657 457 1727 Crimine
468 1657 600 1725 divitias
613 1655 803 1750 acquirere,
826 1680 970 1750 quarum
985 1679 1083 1724 amor
1095 1655 1131 1724 in
1144 1670 1193 1740 te,

307 1768 464 1855 Quantus
482 1781 554 1836 erat
570 1766 687 1859 patriae
700 1766 885 1835 Deciorum
903 1765 938 1835 in
954 1781 1110 1862 pectore,
1128 1779 1295 1860 quantum

308 1873 436 1945 Dilexit
449 1876 598 1962 Thebas,
615 1874 643 1944 si
659 1875 792 1944 Graecia
806 1897 902 1960 vera,
920 1877 1136 1945 Menoeceus:
1335 1893 1384 1951 aso

309 1991 352 2057 In
367 2013 512 2083 quorum
527 1987 627 2058 sulcis
640 1986 786 2084 legiones
801 1989 960 2058 dentibus
976 1989 1097 2083 anguis

309 2101 396 2170 Cum
413 2095 540 2194 clypeis
556 2077 753 2186 nascuntur,
771 2113 803 2168 et
820 2099 959 2168 horrida
977 2097 1063 2168 bella
1076 2111 1258 2191 capessunt

309 2210 499 2294 Continuo,
519 2224 689 2303 tamquam
707 2223 741 2278 et
758 2210 893 2279 tubicen
913 2210 1097 2279 surrexerit
1112 2233 1190 2278 una.

309 2321 401 2412 Ergo
418 2319 546 2412 ignem,
564 2319 662 2412 cujus
679 2316 838 2389 scintillas
850 2321 922 2418 ipse
936 2319 1077 2403 dedisti,

309 2426 522 2523 Flagrantem
538 2425 604 2497 late
617 2443 651 2497 et
665 2429 855 2521 rapientem
871 2445 994 2499 cuncta
1007 2427 1147 2498 videbis.
1339 2440 1389 2504 245

309 2657 386 2717 illius
404 2659 523 2718 indolis.
545 2663 619 2718 Nam
639 2661 816 2736 quicumque
835 2679 1006 2737 magnarum
1027 2677 1116 2735 opum
1136 2655 1326 2733 cupiditatem
1344 2666 1391 2712 te·

309 2751 387 2810 neris
405 2752 632 2810 adolescentium
654 2753 757 2809 animis
776 2751 917 2824 instillat,
935 2752 987 2827 qui
1004 2751 1125 2809 sinistris
1144 2749 1264 2807 monitis
1285 2747 1392 2806 sensim

309 2843 375 2902 illos
396 2845 433 2902 ad
447 2845 595 2902 avaritiam
616 2845 765 2922 perducit,
788 2845 840 2920 qui
858 2845 1003 2902 licentiam
1020 2845 1077 2902 illis
1098 2845 1165 2902 lacit
1181 2841 1393 2919 amplificanda

310 2935 392 2992 malis
402 2935 513 2993 artibus
527 2936 570 2994 rei
585 2937 747 3010 familiaris,
760 2937 809 2994 illc
823 2937 956 2994 similiter
970 2937 1054 3009 facit,
1070 2957 1104 2994 ac
1116 2937 1140 2994 si
1154 2935 1279 2992 habenas
1292 2927 1394 2991 crirrui

310 3029 415 3086 liberas
435 3031 564 3100 laxaret3
586 3029 610 3087 is
631 3031 727 3102 enim,
753 3031 806 3088 etsi
831 3032 1028 3103 revocaveris,
1049 3031 1180 3089 cohiberi
1202 3027 1325 3104 nequit,
1351 3039 1396 3084 at-

312 3143 384 3200 que,
395 3123 495 3200 auriga
505 3136 619 3201 spreto,
628 3137 717 3182 metas
729 3125 810 3200 equis
823 3125 962 3199 abreptus
972 3124 1139 3201 longissime
1151 3122 1285 3180 transilit.
1297 3124 1396 3179 Nemo

311 3214 378 3271 satis
398 3215 496 3272 secisse
514 3215 624 3287 credit,
648 3215 672 3272 si
691 3227 801 3273 tantum
820 3227 939 3292 peccat,
955 3228 1096 3292 quantum
1115 3217 1171 3292 ipsi
1190 3213 1396 3290 permittitur:

311 3305 385 3364 adeo
403 3317 479 3364 amat
493 3307 616 3382 quisque
635 3307 794 3384 praescripti
810 3309 949 3366 curriculi
963 3307 1035 3367 fines
1051 3308 1207 3368 extendere
1219 3307 1356 3384 longius!

354 3396 422 3456 235.
445 3401 542 3470 Quum
565 3419 600 3456 ex
617 3409 646 3458 te
664 3398 746 3457 audit
760 3419 848 3476 puer,
865 3401 947 3458 illum
961 3401 1102 3475 insanire,
1119 3401 1170 3477 qui
1187 3401 1280 3457 amico
1296 3401 1399 3475 egenti

312 3493 423 3569 aliquid
442 3491 597 3570 largiatur;
616 3493 667 3568 qui
684 3491 800 3552 affinem
814 3495 912 3571 inopia
931 3495 1112 3554 laborantem
1123 3495 1268 3564 sublevet,
1285 3512 1399 3568 quum,

313 3587 446 3665 inquam,
462 3587 520 3645 hoc
533 3587 605 3644 dicis
619 3585 680 3643 filio
695 3587 886 3659 adolescenti,
901 3599 970 3646 tunc
984 3588 1105 3664 inspiras
1120 3588 1164 3645 illi
1177 3597 1305 3644 mentem
1322 3587 1398 3642 alios

314 3681 474 3756 spoliandi,
490 3679 670 3756 decipiendi,
683 3699 729 3737 eas
744 3699 798 3755 per
814 3679 854 3737 las
868 3681 1006 3756 nefasque
1019 3679 1206 3756 comparandi
1220 3697 1309 3754 opes,
1321 3697 1398 3753 qua-

315 3791 381 3830 rum
403 3792 502 3830 amore
526 3783 607 3830 tanto
627 3771 751 3851 flagras,
778 3785 887 3848 quanto
911 3774 1085 3849 prosequuti
1104 3785 1172 3831 sunt
1191 3771 1317 3848 patriam
1334 3775 1399 3829 De-

316 3863 367 3934 cii,
388 3874 523 3938 quanto,
544 3865 569 3920 si
588 3883 657 3922 vera
676 3865 831 3940 scriptores
851 3865 946 3922 Graeci
965 3877 1106 3935 narrant,
1126 3869 1291 3922 Menoeceus
1314 3865 1398 3921 The·

316 3956 420 4011 hanam
433 3954 552 4027 urbem,
573 3957 653 4031 cujus
669 3957 700 4013 in
716 3977 786 4034 agro
803 3957 978 4016 eseminatis
997 3979 1015 4016 ι
1037 3957 1147 4016 Cadmo
1165 3957 1300 4015 draconis
1317 3955 1396 4012 den-

320 4048 396 4104 tibus
417 4047 554 4105 dicuntur
571 4051 700 4127 legiones
719 4050 804 4122 olim,
825 4051 973 4108 instructae
991 4051 1093 4126 armis,
1111 4050 1208 4108 subito
1225 4049 1395 4128 emicuisse,

316 4153 403 4218 atque
412 4159 539 4220 pugnam
552 4143 702 4200 horridam
715 4143 794 4202 inter
806 4163 867 4203 sese
878 4144 1068 4214 commisisse,
1081 4143 1163 4219 quasi
1175 4143 1291 4220 signum
1303 4141 1393 4199 dede-

317 4234 357 4293 rit
372 4233 490 4292 tubicen
500 4245 584 4291 natus
600 4247 628 4292 et
642 4235 701 4311 ipsc
716 4256 782 4294 crim
795 4235 839 4295 iis.
853 4239 948 4313 Ergo,
959 4247 992 4292 at
1006 4235 1044 4292 ad
1055 4246 1084 4300 te
1095 4235 1227 4304 redeam,
1236 4233 1337 4311 iguem
1350 4231 1392 4288 il-
