3036 4984
343 485 395 548 IN
419 483 648 548 SATIRAM
670 483 922 548 DECIMAM.
1103 483 1163 550 133

110 590 196 644 demus
209 611 263 646 sure
276 590 395 647 dedecus
407 595 475 647 scire
484 594 617 666 potuiset,
628 613 668 648 vs.
680 595 746 659 342,
762 594 785 646 si
798 595 854 665 ipse
862 594 931 648 iuter
941 595 1102 666 signatores,
1114 597 1166 650 hoc

108 687 230 745 pretextu
241 677 326 729 allato
338 675 481 742 adfuisset,
493 676 560 728 Acir.

139 833 202 881 Vn.
221 835 281 895 337.
299 833 416 894 Putabis,
426 843 479 895 47,
493 835 542 894 54,
557 832 598 881 58.

137 913 202 979 Nou.
221 929 274 997 337
295 947 355 1000 sqq.
374 927 456 979 Poeta
471 927 558 998 ipsum
572 924 719 996 alloquitur
734 926 838 980 Silium.
859 957 893 968 -
912 929 948 978 Tu
960 930 1068 997 putabas
1085 928 1166 988 sorte,

107 1009 159 1060 hee
170 1009 287 1064 Claudio
300 1012 399 1084 Imper.
417 1010 507 1062 lutura
520 1026 595 1062 esee:
610 1008 656 1062 sed
669 1010 830 1075 Messalina,
848 1030 902 1065 uou
920 1024 1044 1066 contentu
1062 1012 1168 1066 furtivis

106 1090 255 1156 edulteriis,
276 1107 303 1146 et
316 1111 409 1147 secura
423 1094 458 1145 ob
475 1104 611 1164 stuporem
630 1092 734 1156 mariti,
751 1093 840 1165 pulam
857 1113 889 1147 ac
902 1097 1020 1164 legitime,
1039 1094 1168 1148 adhibitis

106 1177 202 1231 scilicet
208 1178 388 1245 signatoribus
398 1178 553 1231 tabularum
560 1176 641 1238 dotis,
651 1176 769 1248 auspice,
778 1189 828 1230 etc.
837 1180 909 1250 justu
918 1190 945 1231 et
954 1191 1050 1230 cuncta
1059 1179 1167 1250 nuptia·

106 1262 296 1340 rumnsoleuuia
307 1262 442 1316 celebrare
453 1261 554 1324 voluit,
565 1279 597 1313 sc
609 1261 763 1314 celebravit.
786 1263 881 1334 Itaque
894 1282 965 1316 nunc
978 1265 1032 1323 die,
1045 1265 1169 1330 quidplu-

107 1359 157 1396 σαν
166 1345 215 1397 tihi
225 1385 234 1409 ,
252 1344 409 1398 dicturusne
420 1344 454 1398 sis
465 1343 637 1397 Messalinam
647 1362 772 1408 uxorem,
784 1344 884 1398 uecuei’
895 1375 929 1386 -
939 1347 1088 1412 Nisiparere
1097 1347 1170 1409 uelis,

106 1441 129 1480 et
140 1429 252 1500 obsequi
264 1429 361 1482 insono
374 1427 460 1482 amori
469 1445 500 1480 ec
512 1427 647 1480 voluntati
660 1428 823 1492 Messalinae,
837 1447 895 1500 que
909 1430 999 1501 palam
1012 1441 1037 1482 et
1051 1429 1168 1500 legitime

106 1511 159 1562 ruit
172 1513 292 1578 nubere,
306 1514 459 1578 pereundum
477 1511 527 1562 tibi
541 1525 578 1561 ese
595 1525 653 1562 ause
668 1513 792 1576 lucemus,
807 1512 951 1580 λυκναψίαν,
966 1526 1108 1584 antequem
1125 1529 1169 1564 ac·

106 1593 178 1648 ceudi
196 1595 286 1648 solent
299 1594 429 1659 lucernae,
445 1595 498 1646 hoc
516 1605 567 1656 est,
585 1603 648 1644 aute
664 1611 814 1664 vesperam,
833 1595 987 1658 confestim,
1000 1597 1077 1667 jussu
1095 1593 1169 1647 irate

104 1677 204 1732 lemine
214 1697 221 1732 :
233 1682 354 1730 stentem
366 1680 443 1728 scelus
452 1679 577 1740 admittas,
586 1675 677 1747 palam
688 1694 720 1730 ao
730 1676 849 1746 legitime
857 1695 915 1730 eam
927 1675 1035 1730 duxeris
1045 1694 1169 1737 uxorem,

105 1763 197 1812 &must
208 1782 277 1812 mora
286 1765 393 1828 paruula
412 1759 546 1832 supplicio
559 1773 624 1825 tuo,
636 1763 693 1812 dum
713 1779 766 1821 res,
787 1773 836 1813 etc.
854 1763 908 1813 hoc
919 1773 974 1825 est,
989 1760 1040 1832 ipsi
1053 1759 1168 1818 Claudio

105 1862 205 1914 punam
217 1843 376 1898 temeritatis
388 1842 549 1914 scelerisque
560 1839 651 1906 dubis,
663 1860 745 1913 quem
755 1844 874 1914 primum
885 1861 942 1897 rem
954 1842 1121 1915 compererit.

138 2003 203 2052 Vas.
223 2005 283 2068 339.
302 2003 406 2068 Estpro
420 2001 481 2064 erit,
498 2017 538 2062 rr,
555 2009 665 2062 14-17,
683 2017 780 2065 19‚20,
794 2003 1032 2066 obruad—50,
1046 2004 1087 2062 55,
1098 2002 1166 2064 57-

109 2087 154 2145 63,
164 2089 283 2152 65-69,
298 2104 341 2148 71,
353 2103 398 2148 72,
411 2087 457 2148 73,
469 2097 493 2134 et
502 2085 614 2151 plerique
624 2083 704 2134 Codd.
715 2081 792 2136 Paris.

140 2183 203 2235 Vua·
222 2183 284 2241 341.
303 2185 409 2244 Ausere,
424 2189 470 2242 14,
485 2183 740 2243 16‚20,21,22‚24.

137 2281 201 2327 Vn.
221 2281 283 2337 343.
301 2279 331 2328 Si
342 2278 419 2340 tenti,
433 2295 474 2338 rr,
487 2287 601 2339 rs-so,
612 2278 653 2336 ²3,
667 2281 768 2339 ems,
779 2279 827 2338 45,
841 2289 886 2342 49,
902 2280 1018 2338 56-63,
1031 2279 1073 2334 65,
1083 2278 1126 2326 68.
1140 2275 1168 2323 Si

106 2363 164 2410 ‘ml
176 2375 229 2424 “ds
240 2380 285 2426 ²79
298 2364 340 2423 161
351 2373 395 2424 its
412 2361 1008 2423 (13150754,5576616717Ῑ-74177·Νο“
1022 2361 1095 2424 ”idel

135 2457 207 2510 Nor.
226 2455 373 2518 341-345.
391 2455 461 2506 Beue
472 2464 552 2524 poete
561 2464 638 2504 notat
649 2463 787 2523 stuporem
797 2452 920 2517 Claudii,
933 2471 965 2506 ac
977 2453 1059 2507 facete
1071 2452 1167 2504 Silium

103 2541 239 2604 hortetur,
251 2550 281 2591 ut
293 2537 444 2590 Messalino
457 2534 593 2589 desiderio
605 2533 760 2588 satisfaciat.
773 2539 819 2587 Res
828 2549 886 2588 uota
900 2535 950 2588 suit
959 2538 1013 2586 urbi
1021 2548 1045 2585 et
1054 2537 1166 2602 populo,

104 2624 257 2696 priusquam
266 2624 368 2690 eomigit
375 2622 495 2687 principis
504 2637 585 2671 auses.
599 2648 634 2660 -
649 2617 700 2670 Ille
706 2619 823 2688 princeps,
835 2622 938 2671 dedecus
948 2621 1033 2668 demus
1043 2618 1166 2687 Augustae

104 2712 210 2770 stemus,
226 2717 364 2779 postremo
375 2703 512 2767 omnium,
524 2703 583 2752 scies
591 2699 665 2770 (vide
675 2702 740 2754 Tac.
754 2703 847 2756 tenet.
859 2703 914 2765 xl,
927 2701 1029 2755 28-32
1037 2701 1062 2768 ),
1072 2711 1100 2753 et
1111 2701 1170 2749 sciet

104 2803 218 2852 terum,
237 2807 294 2841 nou
306 2787 467 2842 ulciscetur:
481 2802 545 2838 uam
558 2784 702 2837 Messalina
716 2785 853 2856 effugisset
867 2805 971 2858 poenam
985 2783 1100 2850 sceleris,
1116 2781 1168 2834 uisi

105 2875 241 2927 Nereissus
255 2868 357 2926 cedem
370 2873 428 2942 ejus
440 2867 638 2941 properavisset
647 2866 725 2936 (eide
739 2870 806 2922 Tac.
821 2869 916 2922 Anusl.
927 2870 981 2932 111,
995 2871 1044 2938 37,
1057 2881 1087 2920 et·
1096 2865 1168 2918 infru

107 2957 178 3020 xit,
191 2955 265 3022 3301.
272 2983 309 2996 --
318 2959 428 3014 musea,
444 2951 510 3006 dum
522 2969 564 3004 res
575 2950 716 3004 temeraria
726 2950 762 3004 ad
773 2951 904 3023 principis
915 2969 992 3004 aures
1001 2950 1165 3022 pervenerit,

105 3056 139 3100 tu,
151 3040 214 3104 siti,
228 3043 357 3106 obsequere
370 3039 472 3104 imperio
486 3048 513 3089 et
525 3033 647 3106 cupidini
660 3033 824 3099 Marcellum
841 3039 873 3086 sit
882 3035 931 3109 tibi
944 3039 1007 3086 teutr'
1020 3036 1165 3107 pretiiuita

15 3139 16 3154 ³
106 3127 193 3174 &mm
201 3139 353 3189 postcomm,
370 3120 424 3171 hoc
436 3131 492 3180 est,
510 3117 553 3171 isc
565 3114 649 3181 illud,
664 3129 693 3169 ut
704 3129 776 3169 certe
786 3117 890 3188 aliquot
901 3116 956 3171 dies
966 3118 1048 3172 vitam
1062 3131 1165 3192 protra-

15 3205 16 3208 ’
105 3205 150 3256 lass
162 3223 169 3256 :
179 3222 242 3256 uem
252 3202 275 3256 si
285 3219 381 3273 parere
391 3199 530 3262 abnueris,
546 3198 680 3270 extemplo
690 3200 840 3253 Messalino
851 3203 927 3272 jussu
940 3202 989 3254 tibi
1000 3201 1164 3273 pereundum

106 3281 355 3356 erit3siejusasuori
364 3300 397 3336 ac
408 3280 542 3335 desiderio
552 3280 727 3345 satisfeceris,
738 3283 811 3338 vives
820 3285 912 3337 saltem
925 3285 1027 3355 aliquot
1036 3285 1107 3347 dies,
1118 3284 1165 3337 do·

107 3387 152 3422 uec
163 3387 204 3422 res
212 3366 355 3438 contigerit
366 3365 497 3437 principis
505 3381 595 3426 sures,
610 3364 658 3435 qui
667 3365 777 3420 ultimus
787 3385 846 3420 eam
854 3367 986 3420 resciscet.

135 3527 201 3576 Vas.
220 3527 279 3582 344.
298 3523 385 3572 Levius
398 3521 546 3585 meliusque,
561 3538 600 3581 ro,
617 3525 716 3583 14,15,
734 3526 774 3585 16,
793 3525 839 3584 18,
854 3527 896 3586 ac',
911 3542 953 3586 27,
965 3525 1082 3583 46-50,
1097 3525 1164 3580 54-

17 3663 18 3672 ,
106 3611 150 3666 63,
162 3609 280 3671 65-69,
290 3615 403 3668 71-74.
416 3604 500 3652 Lem'm
510 3604 639 3668 meliusve,
654 3622 693 3670 rp.

17 3759 18 3764 ,
136 3703 204 3754 Nor.
221 3701 287 3764 344,
297 3698 358 3762 345.
376 3696 572 3770 Quodcumque
582 3699 685 3770 ceperis
693 3700 848 3764 consilium,
857 3701 901 3756 rel
913 3717 1087 3772 quecumque
1095 3697 1165 3756 ratio

17 3779 18 3804 ¹
105 3786 159 3921 :pipie
167 3783 413 3920 igvgppnplspgiorque
426 3783 484 3838 risa
496 3781 591 3849 luerit,
602 3801 676 3838 murs
687 3782 737 3836 tibi
748 3795 841 3856 paratu
850 3795 903 3850 est,
917 3785 972 3838 sive
980 3803 997 3838 a
1007 3785 1165 3853 Messalina,

137 3964 208 4016 Nur.
228 3961 287 4025 345.
307 3961 385 4014 cont
399 3960 465 4013 Tac.
481 3960 579 4014 Auurl.
592 3959 707 4025 x1,3t,
724 3973 751 4013 et
763 3961 832 4024 Dio,
843 3960 906 4025 Lx,
922 3963 965 4016 31.
984 3989 1018 4003 -
1029 3966 1135 4015 Pulchre
1145 3975 1170 4014 et

107 4048 212 4096 madida
221 4048 318 4110 arsis,
332 4061 392 4115 que
405 4042 582 4115 pulchritudo
595 4042 708 4097 exitialis
718 4043 770 4098 tuis
783 4044 865 4110 Silio,
877 4059 904 4100 et
915 4046 1062 4101 immature
1076 4045 1169 4100 mortis

109 4145 208 4181 ceusu.

137 4227 222 4279 Αιη..
242 4225 391 4290 346-366.
409 4227 499 4278 Ioctu
517 4222 600 4296 plane
620 4221 744 4288 divinus,
762 4225 949 4300 omniumque,
964 4245 1031 4298 quos
1044 4224 1167 4290 memini,
