3036 4984
573 250 578 289 1

401 397 589 466 satum
614 399 682 464 UN
691 397 898 466 DECIMA.
1126 399 1184 468 151

108 510 156 576 Et
169 534 256 602 quos
272 511 432 606 deposuit
448 516 612 585 Nabataeo
628 513 740 583 bellna
757 514 859 600 saltu,

105 619 182 686 lam
200 622 326 692 nimios
340 625 508 720 capitique
526 647 656 720 graves.
673 625 764 694 Hinc
778 627 885 720 surgit
898 628 1023 714 oretis,

106 729 199 799 lliuc
214 735 392 804 stomacho
408 734 508 804 hilis:
529 759 608 804 nam
626 759 683 829 pes
697 749 878 830 argenteus
895 735 976 824 illis,

107 841 268 913 Aunulus
282 845 318 914 iu
335 844 440 942 digito
458 846 551 942 quod
567 844 707 918 ferreus.
723 850 815 941 Ergo
831 850 1015 943 superbum

108 951 297 1024 Convivam
315 979 434 1044 caveo,
451 958 509 1052 qui
526 982 580 1026 me
598 957 661 1027 sibi
676 973 866 1052 comparat,
882 974 917 1028 et
936 985 990 1028 res
1138 971 1187 1026 130

107 1062 266 1158 Despicit
281 1061 417 1163 exiguas
434 1095 442 1137 :
463 1069 548 1139 adeo
565 1067 658 1138 nulla
671 1070 771 1152 uncia
784 1069 880 1139 nobis

107 1175 167 1242 Est
183 1175 315 1265 eboris,
333 1205 397 1249 nec
411 1180 567 1264 tessellae,
584 1205 648 1250 nec
664 1177 811 1251 calculus
828 1205 868 1250 ex
882 1181 946 1250 hae

109 1284 273 1374 Materia;
288 1290 372 1382 quin
388 1291 459 1384 ipsa
473 1292 650 1361 manubria
664 1289 878 1360 cultellorum

108 1393 213 1464 Ossea
229 1423 238 1465 :
258 1424 330 1469 nou
348 1414 460 1468 tamen
474 1401 527 1470 his
542 1401 610 1471 ulla
624 1427 786 1497 umquam
800 1403 941 1496 opsonia
956 1401 1044 1472 fiunt

108 1505 318 1593 Rancidnh,
337 1510 487 1580 antideo
505 1512 604 1607 pejor
619 1513 742 1608 gallina
756 1527 901 1584 secatur.
1139 1528 1188 1583 135

105 1614 173 1683 Sed
188 1641 256 1687 nec
270 1634 420 1702 structor
436 1621 521 1708 erit,
538 1623 593 1692 cui
612 1623 732 1694 cedere
748 1624 869 1694 debeat
885 1624 994 1694 omnis

104 1725 268 1820 Per-gula,
284 1727 468 1823 discipulus
484 1731 654 1824 Trypheri
674 1733 841 1817 doctoris,
858 1733 949 1828 apud
965 1757 1066 1828 quern

106 1835 248 1905 Sumine
263 1863 342 1907 cum
357 1863 480 1934 magno
497 1839 613 1935 lepus,
632 1856 733 1935 atque
750 1867 843 1937 aper,
861 1857 896 1912 et
910 1867 1096 1939 pygargus,

108 1946 153 2014 Et
166 1948 333 2042 Scythice
348 1947 516 2035 volucres,
532 1964 568 2020 et
585 1952 861 2046 phoenicopterus
876 1953 1017 2048 ingens,

109 2056 153 2123 Et
167 2055 322 2126 Gaetulus
335 2083 434 2152 oryx,
454 2059 568 2128 hebeti
585 2060 767 2132 lautissima
783 2059 876 2130 ferro
1138 2077 1187 2136 ¹⁴⁰

108 2165 272 2250 Caeditur,
288 2182 324 2235 et
338 2182 409 2237 tota
423 2184 521 2238 sonat
536 2167 648 2237 ulmea
662 2191 758 2237 coena
770 2169 914 2238 Subura.

106 2278 181 2346 Nee
199 2276 350 2348 frustum
365 2303 494 2374 capreae
511 2279 717 2365 subducere,
733 2303 796 2347 nec
811 2276 897 2346 latus
911 2278 1003 2348 Afrae

104 2476 191 2550 cujus
205 2477 307 2552 populi
323 2478 435 2535 Mauris
450 2479 609 2556 nigriorem
625 2490 675 2536 ant
687 2497 723 2536 ex
737 2477 816 2536 silvis
833 2476 1055 2546 Nabataeorum,
1075 2475 1107 2532 in
1124 2479 1189 2552 qui·

104 2569 158 2626 hm
176 2569 327 2644 elephanti
341 2571 446 2629 dentes
455 2572 514 2646 jam
533 2571 685 2629 nimios-et
701 2571 788 2647 capiti
804 2571 951 2648 graviores
966 2569 1126 2645 deponunt.
1145 2571 1189 2628 Ex

106 2682 139 2720 eo
151 2663 299 2720 nimirum
311 2666 392 2740 quod
404 2664 548 2740 ejusmodi
563 2665 687 2742 pedibus
703 2665 814 2723 nitatur
828 2659 941 2734 merisa‘,
958 2662 1085 2720 nascitur
1100 2681 1189 2738 appe-

107 2756 196 2812 tentia
213 2755 365 2830 ciborum,
377 2757 446 2814 hinc
462 2758 539 2814 vires
549 2757 697 2815 adduntur
708 2760 857 2816 stomacho
873 2753 910 2812 a'd
921 2756 1002 2813 cibos
1018 2755 1128 2812 facilius
1142 2755 1189 2812 di-

107 2850 262 2925 gerendos.
274 2852 376 2926 Itaque
385 2851 549 2908 nouminus
558 2862 643 2927 turpe
652 2850 712 2924 jam
723 2852 840 2908 ducitur
850 2867 977 2906 mensam
988 2848 1097 2904 habere
1108 2847 1191 2904 domi

108 2943 181 3016 pede
190 2953 380 3000 sustentatam
389 2955 537 3020 argenteo,
547 2961 633 3020 quam
644 2945 784 3000 annulum
793 2943 824 2999 in
834 2961 921 3000 mann
930 2942 1057 2998 ferreum
1069 2952 1188 3017 gestare.

109 3035 170 3111 Ego
183 3053 259 3091 vero
271 3037 367 3092 lautos
381 3035 525 3110 ejusmodi
537 3047 567 3092 et
580 3046 750 3113 arrogantes
763 3035 900 3094 convivas
913 3033 1006 3110 fugio,
1021 3032 1085 3107 qui,
1097 3053 1190 3090 meam

111 3127 282 3185 tenuitatem
304 3127 413 3186 scilieet
429 3147 495 3186 eum
511 3128 568 3186 suis
584 3128 689 3204 opibus
706 3149 738 3186 ac
754 3127 866 3186 deliciis
887 3136 1103 3202 comparantes,
1128 3144 1189 3183 eam

115 3231 305 3278 contemnunt
319 3243 326 3278 ι
342 3239 409 3278 nam
424 3223 502 3298 apud
517 3243 564 3282 me
581 3243 619 3282 ne
636 3224 720 3282 uncia
737 3223 855 3300 quidem
871 3221 969 3280 eboris
985 3233 1041 3292 est,
1058 3241 1119 3277 non
1134 3233 1191 3278 tes-

112 3331 196 3385 sem,
212 3333 273 3370 non
295 3315 397 3371 calculi
414 3315 536 3373 eburnei
555 3328 637 3386 suut,
658 3317 749 3374 immo
764 3315 820 3392 ipsi
835 3316 998 3372 cultrorum
1014 3313 1106 3388 capuli
1124 3325 1191 3370 suut

110 3423 145 3462 ex
166 3425 256 3464 osse:
278 3425 376 3482 neque
397 3418 493 3465 tamen
514 3409 624 3467 idcirco
644 3429 715 3466 meae
735 3409 822 3486 dapes
843 3408 968 3467 rancida·
982 3427 1015 3465 aa
1031 3407 1191 3464 deteriores

111 3497 199 3570 liunt,
211 3519 274 3557 non
286 3501 417 3576 pejorem
431 3501 539 3558 habent
550 3521 681 3577 saporem
692 3502 820 3579 gallinae,
832 3501 900 3577 quia
911 3499 973 3556 istis
983 3498 1107 3555 cultellis
1116 3498 1192 3554 scin-

110 3591 231 3650 duntur.
252 3595 312 3652 Sed
328 3613 424 3669 neque
439 3594 534 3652 aderit
546 3596 626 3671 apud
644 3613 691 3652 me
707 3611 822 3664 servus,
842 3593 892 3667 qui
909 3609 1036 3648 mensam
1053 3589 1191 3660 instruat,

111 3684 193 3742 cibos
202 3685 272 3742 scite
285 3699 412 3762 apponat
425 3706 458 3743 ac
472 3698 561 3758 secet,
577 3687 634 3744 illis
648 3688 783 3745 omnibus
794 3685 927 3762 peritior,
938 3684 989 3759 qui
998 3693 1090 3740 artem
1100 3683 1193 3740 sercu-

110 3778 209 3834 lorum
221 3780 412 3838 secandorum
429 3780 573 3838 docentur
587 3779 618 3837 in
631 3781 726 3837 schola
739 3777 900 3858 Trypheri,
910 3777 942 3832 in
957 3795 1013 3851 qua
1028 3795 1132 3854 magna
1146 3795 1192 3834 su-

5 3917 6 3940 ,
111 3871 204 3942 mina,
222 3873 352 3948 lepores,
375 3873 454 3950 apri,
469 3874 605 3950 pygargi,
624 3872 754 3948 phasiani
773 3871 914 3948 Scythim’,
934 3870 1066 3946 ingentes
1082 3870 1194 3946 phoeni-

113 3965 241 4039 oopteri,
257 3967 364 4026 Gaetuli
380 3985 496 4044 oryces,
513 3977 541 4024 et
552 3967 606 4022 alia
618 3969 702 4024 lautae
713 3983 799 4022 coenae
810 3965 933 4035 fercula,
945 3983 979 4020 ex
990 3962 1094 4020 ulmeis
1103 3963 1194 4040 virgis

113 4057 255 4128 conlecta,
278 4059 382 4136 ligneis
400 4079 517 4136 quoque
533 4071 562 4116 et
578 4061 688 4118 obtusis
705 4059 805 4116 cultris
819 4069 964 4128 secantur,
985 4076 1046 4114 non
1060 4055 1121 4113 siue
1135 4056 1195 4112 lra-

112 4169 200 4225 gore,
211 4169 272 4228 quo
286 4153 417 4212 suburra
426 4163 488 4211 tota
495 4154 662 4231 perstrepit.
674 4155 811 4214 structor
823 4172 917 4227 meus,
930 4152 961 4209 iu
975 4153 1029 4210 hac
1040 4161 1103 4209 arte
1112 4149 1197 4208 valde
