3074 4990
448 457 636 526 suumn
659 461 865 531 DECIMA.

122 569 180 638 Sed
199 569 310 641 facilis
329 575 434 643 cuivis
451 573 551 670 rigidi
571 599 712 644 censura
729 579 908 648 cachinni:

121 678 318 748 Mirandum
335 698 401 768 est,
419 683 510 751 unde
529 681 585 750 ille
604 683 710 752 oculis
725 687 896 757 mllecerit
912 690 1042 760 humor.

119 788 288 880 Perpetuo
306 791 377 859 risu
393 789 588 886 pulmonem
606 794 731 888 agitare
750 793 877 867 solebat

118 898 351 988 Democritus,
366 925 570 997 quamquem
584 926 660 972 non
671 919 780 973 essent
792 906 931 976 urbibus
945 906 1009 977 illis

118 999 303 1096 Pmtexta,
317 1023 351 1079 et
364 1011 503 1098 trabeae,
522 1011 646 1100 fasces,
658 1011 792 1101 lectica,
809 1017 967 1089 tribunal.
1159 1035 1195 1087 tt·

118 1117 230 1205 Quid,
245 1118 273 1188 si
287 1118 425 1190 vidisset
438 1137 616 1216 praetorem
632 1125 788 1194 curribus
802 1123 876 1194 altis

117 1231 331 1316 Exstantem,
347 1246 381 1301 et
393 1231 503 1301 medio
517 1231 693 1302 sublimem
707 1234 742 1302 in
759 1233 899 1328 pulvere
912 1237 1019 1324 Circi,

118 1339 158 1404 ln
176 1338 297 1407 tunica
310 1323 419 1427 lovis,
437 1355 471 1410 et
488 1343 587 1436 pictae
603 1345 747 1413 Sarrana
763 1344 934 1414 ferentem-

119 1447 169 1513 Ex
185 1446 342 1516 humeris
360 1447 463 1518 aulaea
481 1463 590 1546 togae,
604 1477 805 1548 magnaeque
820 1479 954 1524 coronae

117 1557 265 1624 Tantum
280 1558 396 1628 orbern
405 1611 415 1643 ,
432 1576 559 1653 quanto
575 1565 688 1632 cervix
706 1589 776 1633 non
792 1565 921 1636 sufficit
935 1565 1022 1636 ulla?
1155 1588 1187 1644 ro

115 1664 253 1759 Quippe
268 1679 358 1735 tenet
372 1666 496 1736 sudans
509 1670 597 1741 hanc
613 1670 785 1766 publicus,
798 1689 849 1760 et,
866 1675 930 1743 sibi
947 1675 1071 1746 consul-

118 1775 175 1844 Ne
190 1775 336 1869 placeat,
355 1803 459 1846 curru
473 1803 589 1848 servus
607 1796 762 1875 portatur
779 1783 909 1852 eodem.

120 1887 173 1952 Da
185 1911 279 1958 nuuc
295 1903 330 1956 et
345 1887 531 1974 volucrem,
547 1907 681 1986 sceptro
696 1916 771 1986 quae
786 1895 893 1988 surgit
910 1895 1057 1982 eburno,

121 1993 219 2064 Illinc
232 1997 440 2081 cornicines,
458 1999 539 2069 hinc
553 2000 776 2095 praecedentia
790 2000 882 2098 longi

118 2106 274 2200 Agminis
289 2105 416 2194 officia,
437 2123 471 2176 et
485 2110 598 2178 niveos
613 2110 656 2179 ad
674 2110 770 2179 frena
785 2112 950 2201 Quirites,
1154 2131 1191 2193 ⁴⁵·
1292 2193 1295 2204 Ι

117 2216 259 2286 Defossa
275 2218 313 2286 in
329 2215 447 2288 loculis
460 2243 544 2312 quos
561 2217 710 2314 sportula
723 2217 803 2289 fecit
817 2222 952 2290 amicos.

117 2328 214 2397 Tunc
227 2351 367 2422 quoque
382 2329 553 2398 materiam
571 2329 655 2398 risus
668 2329 797 2398 invenit
813 2328 856 2396 ad
871 2353 994 2399 omnes

118 2533 272 2592 hominm
280 2535 406 2595 ridendo
418 2557 584 2617 coarguere,
597 2557 682 2616 quam
690 2539 789 2598 flendo
793 2560 802 2610 ;
813 2536 977 2614 mirumque
987 2549 1118 2614 apparet,
1129 2557 1190 2614 quo

117 2637 200 2700 pacto
215 2637 277 2684 tam
288 2629 393 2686 uberes
407 2632 546 2708 lacrymas
558 2632 590 2688 iu
603 2645 742 2709 promptu
758 2631 897 2690 Heracliti
910 2649 1025 2707 semper
1035 2632 1191 2688 habuerint

117 2719 202 2774 oculi.
212 2721 408 2779 Democritus
427 2722 630 2782 effundebatur
646 2724 676 2781 in
691 2725 781 2782 risum
797 2735 984 2801 perpetuum,
999 2724 1067 2781 licet
1087 2725 1120 2780 in
1138 2723 1189 2794 iis,

117 2811 222 2886 quibus
231 2813 373 2890 degebat,
385 2815 500 2890 oppidis
509 2834 569 2872 non
578 2827 777 2892 spectarentur
787 2827 945 2892 praetextu,
957 2817 1075 2885 trabeae,
1087 2815 1188 2886 fasces,

117 2905 290 2975 tnbmalia,
307 2906 423 2964 lectica.
440 2908 521 2978 Quid
532 2908 555 2964 si
566 2908 642 2966 ludis
657 2919 686 2966 et
698 2911 866 2984 spectaculis
879 2908 986 2965 nostris
998 2907 1191 2978 interfuisset,

117 2996 264 3072 inquibus
272 3007 384 3072 praetor
392 3000 509 3057 sublimi
521 3019 623 3070 curru,
636 3001 871 3076 pulverulentum
884 3019 938 3086 per
949 3001 1065 3061 Circum
1076 2999 1190 3056 invehi*

118 3099 172 3158 tur,
182 3089 286 3145 tunica
296 3107 312 3146 e
322 3089 466 3164 Capitolio
475 3102 588 3167 sumpts
598 3090 732 3163 indutus,
741 3093 915 3168 picturatum
926 3109 980 3149 acu
986 3093 1111 3169 Phrygia
1119 3111 1190 3168 pur·

117 3185 360 3256 pureamtogam
370 3183 462 3240 instar
470 3184 551 3241 aulen
562 3187 702 3261 amplam,
712 3184 975 3261 humerisgestans,
992 3195 1021 3241 et
1033 3183 1188 3241 imminen-

120 3283 175 3328 tem
185 3275 293 3331 vertici
304 3275 411 3331 habeus
424 3295 563 3334 coronam
578 3288 663 3334 tanta
677 3278 776 3346 molis,
792 3288 826 3334 nt
838 3278 882 3334 illi
894 3275 1020 3336 serendas
1032 3279 1081 3334 vix
1096 3271 1193 3336 ullum*

121 3376 269 3438 caputesse
278 3383 334 3441 par
343 3357 448 3441 queat?
461 3369 499 3425 Et
507 3387 580 3427 vero
587 3369 720 3444 publicus
729 3371 860 3427 minister
869 3389 944 3447 egre
953 3370 1188 3428 illamsustinens

120 3455 222 3526 sudat,
235 3477 282 3526 ac,
302 3477 341 3516 ne
355 3459 509 3518 insolescat
522 3464 638 3534 consul,
657 3464 753 3522 editor
767 3465 921 3535 ludorum,
940 3463 997 3520 illis
1011 3463 1192 3537 triumphan-

118 3549 189 3606 tium
203 3550 367 3628 insignibus
382 3563 517 3626 ornatus,
529 3555 562 3610 in
571 3556 674 3613 eodem
689 3575 778 3614 curru
788 3575 887 3613 servus
900 3566 1037 3632 gestatur.
1052 3555 1105 3611 llis
1114 3555 1189 3612 adds

116 3643 273 3718 scipionem
286 3644 465 3718 eburneum,
480 3646 561 3721 cujus
575 3648 650 3723 apici
662 3649 758 3724 aquila
768 3647 891 3718 insidet,
903 3647 979 3704 adde
987 3665 1024 3703 ex
1035 3665 1093 3702 una
1106 3657 1190 3720 purte

12 3749 13 3818 j
120 3735 274 3808 tubicines,
290 3757 326 3794 ex
339 3739 429 3796 altera
440 3741 562 3816 longum
572 3761 675 3818 agmen
686 3741 835 3798 clientium
846 3738 1061 3810 acumicorum,
1073 3739 1124 3814 qui
1134 3741 1191 3796 ho·

119 3829 197 3886 noris
211 3841 241 3886 ct
258 3827 352 3886 officii
372 3849 457 3889 causa
475 3833 702 3909 triumphantem
720 3831 908 3900 antecedunt,
926 3830 1053 3905 itemque
1069 3831 1194 3901 civium,

119 3920 170 3994 qni
183 3921 255 3978 albis
266 3921 367 3978 induti
381 3923 511 3982 vestibus
521 3943 613 4000 equos
627 3926 833 4001 triumphalem
847 3941 966 3981 currum
981 3925 1126 3981 trabentes
1137 3925 1195 3982 cir»

119 4013 303 4083 cumsistuut,
319 4031 454 4089 quosque
474 4035 539 4091 spes
556 4018 725 4076 obtinendae
747 4018 885 4092 sportula
903 4028 936 4074 uc
956 4035 1144 4074 nummorum
1163 4018 1195 4076 in

118 4103 321 4181 trimnphantis
331 4125 470 4164 crumena
478 4109 641 4182 latentium,
653 4110 758 4168 accivit
769 4131 776 4164 ε
786 4127 836 4182 ea,
846 4109 978 4184 inquam,
988 4108 1087 4164 omnia
1095 4127 1195 4183 quam

120 4197 163 4254 vis
177 4199 364 4258 Democritus
386 4199 420 4256 in
440 4201 535 4276 patria
556 4220 606 4260 sua
626 4223 687 4260 non
705 4201 835 4271 videret,
856 4213 952 4258 tamen
975 4200 1119 4276 quidquid
1140 4202 1196 4275 ipsi
