2992 4984
347 453 411 541 374
649 453 690 516 D.
713 452 842 517 JUNll
864 453 1126 522 lUVENALIS

345 569 492 638 Donavit
510 568 608 636 terris
624 592 633 633 ε
653 565 817 636 elemento
831 568 992 663 gratulor,
1005 583 1040 638 et
1055 585 1089 642 te

348 678 520 750 Exsultare
534 703 621 748 reor.
638 679 702 748 Sed
717 681 776 774 qui
791 680 945 752 mordere
960 681 1100 752 cadaver

346 790 529 876 Sustinuit,
545 788 593 858 nil
610 813 769 884 umquam
783 791 847 864 hac
860 816 962 861 carne
974 789 1129 862 libentius
1143 791 1221 862 edit.

346 901 434 971 Nam
450 898 573 970 scelere
586 899 622 968 in
638 915 733 970 tanto
747 925 791 970 ne
805 925 933 995 qrsaeras
946 917 980 971 et
993 903 1142 988 dubites,
1156 927 1201 972 an

347 1012 459 1080 Prima
472 1001 774 1105 voluptatem'gula
789 1012 929 1082 senserit
944 1038 952 1082 :
972 1010 1111 1086 rrltimus
1123 1028 1251 1100 autem,
1365 1046 1391 1095 eo

345 1121 414 1210 Qui
434 1121 525 1189 stetit
541 1120 694 1188 absumto
710 1119 780 1214 jam
796 1136 868 1191 toto
885 1147 1044 1216 corpore,
1066 1123 1175 1194 ductis

346 1235 409 1301 Per
423 1245 545 1301 terram
562 1231 694 1326 digitis,
715 1229 841 1326 aliquid
856 1233 898 1302 de
913 1235 1074 1330 sanguine
1087 1249 1209 1332 gustat

395 1343 583 1427 Vascones,
599 1339 671 1411 haec
685 1340 774 1415 fama
787 1357 852 1430 est,
873 1343 1040 1414 alimentis
1053 1342 1176 1416 talibus
1189 1340 1269 1412 olim

347 1450 539 1521 Produrere
551 1451 703 1521 animas:
724 1452 781 1521 sed
801 1477 852 1524 res
868 1452 1016 1538 diversa,
1035 1453 1091 1523 sed
1106 1451 1177 1525 illic

347 1565 505 1632 Fortunae
522 1562 648 1632 invidia
665 1576 715 1631 est
732 1560 965 1657 bellorumque
983 1561 1118 1650 ultima,
1137 1585 1231 1634 casus
1365 1579 1390 1646 95

347 1673 514 1758 Extremi,
530 1670 637 1766 longae
652 1671 727 1742 dira
742 1672 924 1748 obsidionis
940 1689 1078 1768 egestas.

347 1781 458 1874 Hujus
472 1781 579 1866 enim,
593 1782 683 1873 quod
700 1806 793 1852 nunc
805 1785 926 1876 agitur,
945 1781 1133 1853 miserabile
1148 1781 1247 1852 debet

349 1887 548 1982 Exemplum
564 1913 633 1958 esse
647 1890 713 1959 cibi
729 1915 738 1958 :
758 1891 958 1966 sicutmodo
973 1893 1064 1962 dicta
1076 1891 1165 1960 mihi
1179 1913 1258 1984 gens

348 2000 427 2067 Post
440 2006 557 2068 omnes
571 1999 710 2085 herbas,
723 2017 801 2094 post
813 2017 934 2073 cuncta
946 1999 1116 2088 animalia,
1131 1997 1293 2094 quidquid

348 2108 500 2202 Cogebat
512 2109 609 2178 vacui
623 2111 750 2180 ventris
764 2109 871 2198 furor,
887 2113 1038 2185 hostibus
1053 2108 1133 2204 ipsis
1353 2138 1392 2172 100

349 2215 512 2288 Pallorem
527 2243 567 2289 ac
580 2220 737 2307 maciem,
754 2235 787 2290 et
803 2235 918 2290 tenues
932 2219 1168 2290 miserantibus
1182 2232 1286 2302 artus,

348 2328 500 2398 Membra
517 2326 625 2396 aliena
638 2327 727 2398 lame
742 2327 946 2418 lacerabant,
966 2353 1034 2399 esse
1048 2329 1158 2423 parati

347 2565 459 2622 crudeli
477 2563 586 2642 flagitio
607 2583 668 2623 uon
686 2567 1082 2642 contaminaverintzgaudeo
1102 2577 1162 2622 tam
1180 2563 1278 2621 nobile
1291 2564 1393 2618 elemen-

322 2662 325 2673 '
347 2669 410 2714 tum
429 2656 482 2714 ista
499 2655 677 2713 immanitate
695 2657 834 2714 violatum
852 2675 912 2713 nou
932 2656 1034 2728 fnisse,
1052 2677 1085 2713 ac
1105 2668 1133 2714 te
1157 2657 1191 2714 id
1211 2672 1320 2730 quoque
1336 2670 1392 2726 gau·

346 2751 417 2808 dere
431 2748 569 2806 arbitror.
584 2747 721 2806 Ceterum
735 2749 909 2824 quicumque
919 2747 1020 2806 avidos
1035 2748 1137 2805 dentes
1151 2745 1283 2806 cadaveri
1295 2740 1393 2818 infigere

346 2851 460 2916 potest,
484 2839 512 2898 ei
533 2841 645 2898 nullum
665 2858 793 2914 unquam
812 2839 953 2898 ferculum
975 2839 1031 2897 isto
1050 2839 1210 2913 jacundius
1230 2835 1325 2913 attigit
1338 2833 1392 2890 Noli

345 2936 443 3009 itaque
463 2932 615 3003 sciscitari,
637 2943 688 2990 aut
708 2933 870 3011 ambigere,
882 2951 920 2989 an
933 2931 1045 3007 primus
1062 2931 1114 3008 qui
1131 2933 1219 2990 talem
1233 2930 1324 2987 οὒιωι
1338 2945 1392 3003 gua

346 3025 418 3082 tavit
428 3027 609 3100 voluptatem
625 3024 760 3098 semerit,
778 3043 870 3100 Qum
882 3025 1023 3100 postremi
1040 3024 1175 3084 omnium
1194 3024 1245 3100 qui
1258 3037 1393 3085 accesere,

346 3129 499 3192 postquam
516 3126 611 3176 totum
624 3117 747 3174 cadaver
764 3117 948 3192 absumptum
959 3116 1134 3192 aptioribus
1146 3129 1328 3178 strumosum
1337 3111 1392 3178 luit,

346 3217 513 3282 premerent
532 3217 638 3264 terram
655 3207 772 3283 digitis,
795 3219 828 3266 ut
847 3229 883 3268 er
903 3229 936 3266 ea
954 3210 1100 3287 sanguinis
1114 3221 1213 3289 guttas
1233 3210 1357 3268 elicerent
1369 3220 1394 3258 ²⁶

347 3300 501 3377 lingerent.

385 3393 433 3470 93.
455 3391 775 3464 Vasconesmttnmt,
787 3393 865 3452 hunc
875 3393 1027 3456 inmorens
1038 3396 1176 3456 carnibus
1186 3391 1392 3454 humanisvitsn

345 3482 523 3560 aliquamdiu
535 3496 763 3544 conservarunt:
778 3487 830 3544 sed
846 3498 954 3562 quanta
967 3488 1045 3545 inter
1058 3489 1112 3546 boe
1127 3500 1157 3548 et
1173 3491 1307 3566 Egyptos
1320 3490 1391 3540 sunu

348 3574 572 3634 dissimilitudo!
593 3575 637 3632 Eo
656 3575 764 3652 quippe
782 3577 875 3636 adacti
897 3577 977 3635 fuere
997 3581 1141 3656 Vascones
1160 3597 1213 3654 per
1231 3573 1390 3635 acerbitatem
1470 3593 1471 3596 ¹

345 3670 499 3744 quemdam
510 3679 540 3725 et
551 3667 764 3726 inclementiam
775 3671 924 3740 Fortunae,
937 3687 991 3745 per
1000 3669 1109 3728 militiae
1122 3689 1232 3728 summa
1239 3661 1391 3728 inseruerit,
1470 3677 1471 3722 1

346 3777 400 3834 per
407 3777 546 3817 aerumnas
555 3759 686 3826 ultimas,
701 3769 731 3816 et
741 3758 885 3818 diuturnae
901 3759 1061 3818 obsidionis
1072 3779 1176 3818 savam
1186 3757 1318 3835 inopiam.
1329 3749 1389 3810 tund
1470 3759 1471 3786 ¹

346 3848 451 3905 cibiae
468 3848 561 3906 victus
575 3850 738 3924 exemplum
754 3849 791 3906 de
809 3868 869 3924 quo
886 3851 993 3925 loquor
1013 3850 1239 3910 misericordiam
1253 3860 1282 3906 et
1298 3842 1389 3903 veniam
1470 3849 1471 3872 ³

347 3937 478 3996 invenire
504 3938 592 3996 debet
600 3981 612 4008 ,
636 3939 880 4016 quemadmodum
905 3940 1014 3998 scilicet
1042 3955 1109 4017 post
1129 3943 1289 4016 absumptas
1310 3949 1390 3993 omnes
1470 3979 1471 4022 t

346 4030 450 4086 herbas
459 4041 491 4086 et
501 4030 653 4096 animalia,
669 4041 698 4088 et
713 4031 857 4106 quidquid
869 4031 1012 4090 edendum
1022 4033 1179 4107 objiciebat
1192 4032 1271 4088 famis
1283 4023 1389 4103 quedam
1470 4075 1471 4098 ,

349 4119 457 4191 rabies,
474 4121 530 4197 ipsi
549 4121 678 4196 pallore,
698 4123 801 4194 macie,
822 4121 958 4180 membris
980 4123 1075 4182 inedie
1097 4123 1264 4191 attenuatis,
1283 4113 1395 4176 bostluffl'
1470 4107 1471 4180 l

350 4211 478 4288 ipsorum
496 4211 707 4270 miserationem
725 4226 892 4288 moventes,
910 4215 1008 4272 alienis
1024 4217 1143 4274 artubus
1162 4214 1349 4278 vescebantur·
1367 4211 1388 4256 ⁰²
1470 4271 1471 4298 ,
