3074 4990
18 3857 21 3912 t

18 4015 20 4092 l

392 405 445 469 nt
469 403 697 470 samaim
720 390 1001 470 nnuman(
1154 403 1194 470 85

147 523 193 570 ast.
208 531 258 566 nec
269 534 394 588 spernere
406 520 416 584 (
427 517 478 570 nisi
488 519 539 586 leg.
555 518 682 588 sperare)
695 513 812 580 modice,
826 535 875 568 nec
888 517 985 582 habere
998 515 1097 574 sciunt;
1108 529 1134 568 et
1146 537 1200 570 non

141 593 219 646 ferme
241 595 339 650 desum
353 599 456 652 irarum·
470 598 639 668 indulgentes
655 597 783 662 ministri,
802 599 848 669 qui
863 596 956 651 avidos
974 611 1053 669 atque
1072 599 1200 670 intempe-

138 689 224 730 rantes
238 681 408 750 plebeiorum
419 683 522 735 animos
536 680 571 734 ad
581 681 737 752 sanguinem
749 693 776 733 et
791 680 876 734 codes
894 681 1025 734 irritent.-

172 773 244 825 Nor.
263 777 377 846 65-67.
400 778 465 830 Hac
485 788 548 828 sant
568 776 651 828 verba
672 775 713 828 vel
733 777 842 848 populi,
860 777 970 829 Tiberio
990 778 1147 847 gratulantis
1169 776 1202 830 de

138 872 267 925 oppresso
285 858 335 910 illo
347 860 465 912 hominis
478 871 612 922 monstro,
626 858 669 910 vel
685 877 744 928 quc
759 859 850 928 plures
867 877 956 912 secum
974 860 1164 929 colloquuntur
1176 872 1204 912 et

137 955 195 1006 (με
203 940 321 1012 quisque
333 943 385 995 sibi
397 941 479 1004 dixit,
488 941 624 995 exsultans
636 940 725 992 latitia
737 939 898 1011 adprimum
908 944 1032 996 nuntium
1043 941 1076 995 de
1087 941 1158 994 caede
1170 959 1202 994 ac

115 1044 118 1052 ·
137 1037 215 1090 poena
227 1023 319 1095 Sejani
332 1024 366 1077 ad
382 1044 409 1078 se
420 1025 560 1097 perlatum.
574 1023 653 1076 Goni-
668 1022 747 1074 simil.
763 1023 813 1074 loc.
825 1025 881 1088 vt,
892 1027 1004 1094 47—52.
1016 1055 1051 1068 -·-
1063 1030 1127 1075 Forte
1139 1026 1204 1075 domi

137 1103 229 1164 lum,
245 1105 309 1160 vide
321 1107 357 1160 ad
368 1109 426 1170 vt,
442 1107 527 1160 ⁵1.-
535 1111 588 1157 Dae
601 1108 626 1156 t'n
639 1107 794 1173 capitolin...
803 1111 898 1168 bovem,
914 1125 975 1160 nam
988 1108 1103 1162 maxima
1116 1107 1205 1160 hostia

138 1204 300 1262 summoque
310 1190 362 1244 deo
371 1190 511 1244 mactanda
520 1203 561 1243 est
571 1191 599 1242 in
610 1201 684 1241 tanta
695 1189 800 1251 latitia,
811 1202 866 1240 tam
876 1191 986 1261 publica
995 1209 1075 1260 quam
1086 1190 1203 1262 privata,

139 1283 167 1322 ut
178 1271 205 1324 in
221 1274 370 1347 triumpho.
387 1276 474 1328 Vetus
490 1273 582 1327 schol.
599 1284 703 1334 monet,
720 1271 857 1326 luvenalis
869 1273 953 1329 menti
964 1275 1133 1328 obversatum
1149 1292 1204 1326 esse

140 1373 246 1408 rusum
265 1358 401 1410 Lucretii:
627 1357 628 1360 ’

325 1456 484 1515 (brutumque
494 1455 578 1501 bovem
589 1454 641 1499 duci
653 1452 681 1499 ad
693 1454 804 1514 Capitolia
816 1469 906 1515 magua.

139 1565 171 1575 ·-
179 1535 235 1588 llic
244 1541 454 1590 vemueroeretr'o
462 1557 515 1610 pro
522 1542 613 1590 Lneilt'o
621 1557 759 1610 perperam
767 1579 774 1603 ,
781 1539 816 1591 ob
824 1539 939 1592 nominis
945 1541 1122 1603 vicinitatem,
1132 1553 1205 1594 trau·

140 1618 257 1688 scriptus
268 1618 384 1672 videtur.
399 1620 478 1672 Cous.
490 1625 575 1672 Douza
589 1622 617 1674 in
631 1623 715 1675 Lucil.
727 1623 813 1692 Reliq.
824 1641 885 1693 pag.
903 1622 961 1689 ¹39.
976 1627 1053 1676 Doct.
1067 1625 1206 1682 Achaiam,

141 1701 167 1751 in
182 1702 258 1754 notis
271 1700 308 1754 ad
322 1703 495 1767 iuvenalem,
507 1706 631 1758 Lucretio
647 1705 721 1758 hunc
737 1703 878 1764 adscribit;
892 1704 938 1756 sed
955 1705 983 1756 in
996 1704 1049 1758 fine
1060 1704 1207 1757 Satirarum

142 1785 242 1850 Persii,
256 1803 318 1837 eum
329 1786 399 1838 inter
411 1786 509 1838 Lucilii
522 1787 670 1858 iragmenta
680 1788 775 1851 refert,
790 1807 851 1862 pag.
863 1787 924 1849 Sti.
935 1787 1088 1839 [tn-nuci
1097 1787 1209 1839 verbum

142 1868 299 1937 proprium,
313 1880 368 1920 tam
379 1866 415 1921 de
421 1869 552 1936 victimis,
565 1889 659 1942 quam,
671 1883 702 1923 ut
713 1889 774 1922 mox
785 1889 824 1924 vs.
838 1873 883 1934 66,
894 1868 927 1922 dc
937 1869 1032 1922 noxiis.
1045 1877 1052 1902 ¹
1066 1863 1209 1939 ἑμφαπκῶς

143 1951 184 2002 bis
192 1951 249 2004 boc
261 1952 324 2004 loco
337 1952 496 2022 ponimn-
508 1955 644 2020 Capitolia,
661 1953 723 2007 vide
733 1953 768 2006 ad
783 1954 861 2015 XIV,
873 1971 916 2021 9¹·
929 1955 1060 2017 cretarum,
1071 1972 1125 2004 non
1140 1965 1210 2005 creta

146 2034 323 2087 immolationi
336 2035 505 2106 designatum
514 2038 525 2105 (
532 2037 605 2108 quod
618 2036 732 2108 putabat
743 2037 867 2089 Saubert.
883 2035 917 2088 dc
928 2035 1081 2096 sacrificiis,
1093 2055 1151 2106 cap.
1169 2036 1210 2099 18,

145 2135 203 2188 pag.
218 2127 272 2188 ⁴²7
287 2137 343 2190 seq.
355 2122 365 2188 )
377 2119 424 2172 sed
437 2120 557 2180 niveum,
577 2119 693 2172 candore
714 2118 829 2170 similem
840 2131 934 2180 creta,
952 2118 1040 2190 qualis
1052 2113 1212 2171 bostin'diis

142 2199 262 2270 superis,
278 2205 348 2272 inpr.
362 2201 490 2254 beneficis
507 2219 538 2254 ac
551 2203 630 2260 lovi,
646 2214 674 2254 et
692 2202 718 2253 in
736 2219 834 2270 magua
850 2201 956 2264 laetitia,
969 2201 1082 2254 mactari
1098 2201 1210 2253 solebat.

142 2284 220 2336 cont.
231 2285 314 2356 Virg.
324 2289 386 2337 ΕΠ.
399 2287 454 2347 ΙΧ,
468 2289 529 2356 6η,
541 2285 608 2348 6283
620 2284 699 2338 ovid.
711 2303 743 2336 ex
757 2285 852 2346 Ponto,
866 2285 915 2343 tv.
932 2299 957 2349 9,
972 2284 1005 2336 50
1019 2285 1053 2338 al.
1064 2287 1134 2338 Nota
1146 2286 1210 2337 ach.

141 2379 177 2419 est
186 2385 193 2418 :
202 2393 215 2414 ι
227 2370 342 2419 cretatae
357 2366 457 2420 dicitur
469 2368 560 2440 potina
574 2368 624 2420 bos
635 2367 693 2428 ille,
704 2367 781 2436 quia,
791 2383 874 2436 quum
888 2383 955 2438 sape
966 2367 1030 2419 satis
1042 2369 1119 2420 albos
1131 2369 1213 2422 bores
1230 2411 1237 2419 .

141 2471 194 2504 non
203 2449 373 2515 invenirent,
382 2453 501 2505 maculas
509 2471 602 2505 eorum
612 2464 683 2504 creta
692 2448 898 2502 dissimulabant
906 2469 913 2514 ;
921 2449 993 2502 unde
1000 2451 1105 2502 Persius
1113 2454 1146 2510 V,
1157 2470 1213 2521 ¹77·

142 2549 264 2586 ιτααωηι
277 2538 433 2586 ambitionem
446 2535 630 2608 metaphorice
642 2534 718 2587 dixit.
726 2559 737 2580 ι
748 2565 784 2578 ..-
799 2539 881 2594 Uneo,
894 2537 922 2585 in
933 2533 1033 2586 collum
1044 2535 1084 2586 vel
1096 2547 1214 2588 mentum

140 2615 207 2678 lixo,
223 2615 376 2689 perduelles
385 2615 506 2670 damnati
518 2616 553 2670 ad
566 2617 652 2672 scalas
666 2617 810 2669 Gemonias
819 2615 996 2668 trahebantur
1006 2633 1012 2666 :
1024 2615 1097 2687 quod
1111 2617 1214 2688 suppli-

141 2699 212 2752 cium
227 2701 296 2752 satis
310 2712 403 2752 notum
416 2713 463 2753 est.
478 2701 523 2753 sie
534 2717 642 2772 qnoque
653 2700 781 2771 sejanum
792 2717 807 2750 e
820 2699 898 2752 scalis
916 2699 969 2750 illis
981 2699 1176 2770 praecipitatum
1189 2713 1216 2754 et

142 2782 235 2836 triduo
257 2793 320 2853 post
337 2783 365 2834 in
380 2783 501 2836 Tiberim
517 2785 665 2856 projectum
682 2799 752 2843 ease,
770 2781 852 2834 tradit
870 2781 937 2846 Dio,
956 2783 1064 2846 Lvttt,
1090 2799 1129 2834 11.
1148 2783 1215 2846 Quae

143 2865 259 2918 Tacitus
269 2862 303 2915 dc
312 2867 370 2935 ejus
379 2877 464 2918 morte
473 2883 505 2916 ac
514 2866 730 2936 ptenamemorite
737 2863 909 2936 prodiderat,
920 2861 1087 2916 intercidere.
1100 2895 1135 2904 --
1145 2869 1216 2932 spec·

143 2951 243 3008 wtdus,
261 2948 415 3019 spectaculo
428 2947 536 3000 statutus
554 2965 586 3000 ac
603 2946 731 3000 ludibrio.

177 3095 252 3142 Vn.
271 3095 314 3154 ὃς.
332 3094 414 3144 Herba
428 3111 475 3159 pro
489 3096 577 3153 lubra,
595 3098 635 3146 ιθ,

178 3187 252 3238 Nor.
275 3189 388 3258 67—70.
407 3190 498 3240 Verba
510 3189 605 3260 populi
614 3187 752 3241 redeuntis
762 3188 797 3240 ab
807 3187 861 3240 boc
872 3189 1042 3259 spectaculo,
1054 3202 1080 3242 et
1093 3191 1217 3262 Sejannm

150 3269 319 3334 insectantis,
331 3290 387 3324 non
401 3285 455 3324 tam
468 3291 501 3326 ex
515 3291 579 3326 vero
597 3270 676 3337 odio,
690 3289 772 3343 quatu
787 3284 817 3324 ut
834 3272 1014 3343 suspicionem
1030 3273 1219 3328 familiaritatis

151 3369 209 3406 cum
221 3373 255 3406 eo
269 3367 414 3408 contracta
427 3373 443 3408 a
455 3354 638 3418 redimerem,
653 3367 679 3408 et
687 3354 789 3408 Tiberii
803 3354 869 3407 vitet
881 3354 1001 3409 insidias.
1013 3383 1046 3396 -
1059 3362 1119 3422 Qua
1129 3360 1201 3407 labra
1208 3393 1217 3420 ,

151 3453 229 3505 quam
241 3437 359 3491 distorta
369 3457 401 3491 ac
412 3437 579 3492 deformata?
588 3471 621 3481 -
629 3443 687 3508 Quis
698 3443 783 3490 neruus
790 3476 799 3500 ,
811 3457 893 3511 quam
901 3457 985 3493 actus
996 3457 1028 3491 ac
1040 3437 1221 3491 dilaceratus?

149 3520 269 3572 -llunc
276 3521 369 3572 locum
380 3522 416 3574 ita
428 3521 553 3594 intelligit
564 3524 633 3576 inter
645 3523 712 3574 alios
722 3522 873 3593 complures
884 3523 1027 3584 Aclointre,
1040 3523 1117 3592 cujus
1128 3533 1219 3574 notam

148 3603 328 3657 transcribere
340 3605 457 3675 pretium
468 3623 556 3678 operat
566 3604 788 3659 videtum-conf.
800 3605 860 3655 haec
869 3604 950 3658 verba
961 3623 1021 3656 cum
1031 3603 1113 3657 variis
1125 3605 1222 3676 populi

149 3711 160 3730 ι
170 3685 287 3738 Parisini
301 3685 460 3757 colloquiis,
473 3706 586 3760 cumque
599 3687 753 3740 maledictis·
763 3700 790 3741 et
803 3687 1060 3739 subsannationibus
1072 3687 1169 3758 quibua
1180 3689 1221 3740 la·

150 3791 161 3810 ·
170 3770 290 3821 cessabat
300 3767 457 3823 damnatum
471 3772 551 3824 istum
565 3783 644 3843 atque
656 3771 691 3824 ad
706 3771 869 3844 supplicium
886 3783 1001 3824 tractum
1019 3775 1219 3825 Maximilt'anon

151 3875 162 3896 ι
173 3855 345 3920 artoptam,
365 3872 443 3924 quem
460 3853 531 3909 idem
543 3855 673 3928 populus,
689 3875 788 3929 paucos
806 3868 866 3910 aute
880 3854 954 3918 dies,
974 3854 1009 3909 ad
1027 3857 1120 3911 calum
1138 3877 1226 3930 prope

192 4139 201 4163 ¹
223 4133 287 4180 Vide
301 4135 389 4182 Heius.
402 4135 434 4183 ad
447 4135 521 4184 ovid.
532 4137 593 4184 Met.
610 4137 668 4196 XV,
679 4142 736 4190 tat.
