2992 4984
343 393 405 460 312
619 397 661 459 D.
689 394 826 458 IUNII
855 395 1141 461 IUVENALIS

340 509 510 603 Majorum
527 509 632 605 leges3
656 524 714 578 aut
728 510 832 578 vitem
851 533 951 603 posce
965 489 1090 580 libello.

340 619 406 691 Sed
420 634 521 714 caput
534 619 697 688 intactum
714 618 803 688 buxo
816 643 980 714 naresque
995 618 1115 713 pilosas

341 729 503 816 Adnotet,
521 743 556 798 et
571 729 713 825 grandes
732 730 873 798 miretur
888 726 1008 802 Laelius
1022 727 1100 799 alas.
1361 743 1404 811 195

340 840 447 910 Dirue
462 843 662 909 Maurorum
681 839 831 933 attegias,
853 836 987 908 castella
1002 839 1215 933 Brigantum,

340 950 390 1018 Ut
407 947 606 1043 locupletem
621 947 766 1043 aquilam
783 948 845 1016 tibi
858 949 1080 1043 sexagesimus
1092 972 1200 1018 annus

340 1059 489 1148 Afferat3
506 1075 580 1147 aut,
599 1058 718 1154 longos
734 1072 921 1128 castrorum
940 1058 1032 1128 ferre
1046 1057 1175 1128 labores

339 1171 375 1243 Si
392 1171 500 1265 piget,
520 1184 555 1238 et
569 1168 742 1264 trepidum
758 1167 894 1240 solvunt
908 1169 970 1238 tibi
990 1195 1118 1240 cornua
1130 1184 1284 1240 ventrem

341 1285 428 1351 Cum
445 1279 536 1352 lituis
551 1279 680 1366 audita,
697 1305 811 1374 pares,
828 1281 919 1374 quod
937 1280 1084 1350 vendere
1100 1282 1204 1374 possis
1245 1323 1249 1335 ·
1360 1314 1403 1348 200

342 1388 451 1459 Pluris
470 1389 625 1478 dimidio,
645 1415 707 1460 neo
725 1405 759 1460 te
775 1389 905 1462 fastidia
920 1389 1039 1460 mercis

339 1497 450 1568 Ullius
467 1500 609 1571 subeant
626 1497 818 1594 ablegandae
833 1500 985 1576 Tiberim
999 1498 1109 1570 ultra:

338 1611 373 1680 N
374 1635 415 1678 eu
429 1608 545 1679 credas
559 1609 755 1704 ponendum
771 1608 897 1703 aliquid
915 1609 1117 1680 discriminis
1132 1610 1220 1680 inter

338 1723 520 1812 Unguenta
534 1733 569 1787 et
586 1719 717 1787 corium
733 1744 741 1786 :
761 1717 848 1787 lucri
863 1719 973 1788 bonus
986 1731 1035 1787 est
1049 1719 1134 1788 odor
1148 1745 1188 1790 ex
1205 1745 1243 1787 re

338 1827 507 1916 Qualibet.
526 1826 588 1897 Illa
604 1843 663 1897 tuo
679 1829 844 1901 sententia
861 1853 995 1923 semper
1009 1829 1045 1897 in
1063 1853 1122 1898 ore
1359 1844 1405 1900 205

338 1940 513 2024 Versetur,
523 1937 585 2008 Dis
597 1951 696 2031 atque
709 1940 782 2031 ipso
793 1941 812 2006 J
815 1963 878 2006 ove
892 1938 1011 2035 digna,
1027 1954 1154 2031 poetae:

339 2050 445 2118 Urbe
463 2055 616 2134 uanam,
632 2071 772 2131 Qummr
791 2073 913 2136 namo3
936 2073 999 2119 sao
1017 2071 1173 2119 oronrar
1189 2072 1338 2118 nauare.

339 2161 416 2228 Hoc
433 2171 626 2228 monstrant
639 2155 758 2229 votulae
775 2160 887 2252 pueris
904 2159 1096 2252 repentibus
1112 2183 1213 2228 assae:

340 2271 418 2346 Hoc
432 2267 569 2338 discunt
585 2292 702 2338 omnes
718 2282 795 2336 ante
812 2266 915 2362 alpha
932 2283 966 2339 et
983 2270 1060 2338 beta
1078 2267 1206 2363 puellae.
1220 2299 1237 2334 r

1481 2765 1482 2808 l

339 2511 417 2576 dices
432 2514 550 2584 evolve3
571 2525 620 2570 aut
634 2513 812 2572 centurionis
826 2531 930 2570 munus
941 2519 971 2569 et
982 2512 1105 2590 insignia
1120 2513 1245 2589 supplici
1258 2513 1360 2570 libello
1373 2515 1410 2570 ab

338 2605 515 2682 imperatore
538 2609 662 2682 postula.
686 2608 745 2666 Sed
765 2608 809 2664 fac
832 2619 865 2664 nt
886 2605 1005 2678 Laelius,
1033 2607 1093 2664 dux
1116 2607 1277 2677 exereitus,
1300 2609 1411 2682 pectine

338 2697 461 2760 intactos
483 2698 537 2758 tibi
557 2709 587 2756 et
609 2697 738 2773 hispidos
758 2717 818 2756 esse
839 2698 951 2769 crines,
975 2718 1059 2758 nares
1078 2697 1145 2774 pilis
1164 2699 1309 2771 hirsutas,
1330 2712 1360 2758 et
1376 2704 1412 2757 la-

339 2800 435 2846 certos
454 2789 585 2865 ingentes
605 2789 794 2847 mirabundus
816 2789 1036 2846 animadvertat.
1051 2791 1158 2848 Evertc
1173 2793 1350 2848 Maurorum
1369 2812 1412 2848 ca-
1481 2809 1482 2834 t

339 2901 401 2954 sas,
426 2903 506 2940 arces
526 2885 690 2960 Auglorum
715 2883 870 2953 exscinde,
895 2893 1038 2956 utquam
1057 2882 1147 2938 artatis
1166 2901 1275 2938 annum
1296 2903 1412 2960 sexage-

338 2975 442 3032 simum
458 2975 603 3052 attigeris,
624 2975 753 3052 signiferi
769 2995 873 3032 munus
888 2973 919 3030 in
935 2974 1030 3048 aliqua
1044 2973 1159 3048 legione
1176 2974 1323 3044 obtineas,
1338 2975 1413 3038 unde

337 3087 456 3143 magnas
470 3087 540 3142 opes
556 3068 682 3143 denique
696 3068 890 3142 consequaris.
909 3063 998 3135 Quod
1011 3064 1036 3121 si
1053 3064 1176 3122 ferendo
1190 3065 1301 3122 militiae
1321 3068 1413 3124 labori
1481 3085 1482 3090 ¹

338 3159 479 3218 diuturno
494 3178 547 3234 par
563 3165 681 3228 non'es,
699 3159 723 3214 si
735 3158 842 3215 mixtus
860 3175 1004 3214 cornuum
1022 3168 1051 3212 et
1068 3155 1208 3214 lituorum
1228 3157 1352 3234 clangor
1364 3159 1414 3214 tibi

337 3260 463 3320 metum,
483 3268 543 3323 quo
562 3250 726 3308 resolvatur
735 3241 840 3320 alvus,
855 3249 971 3319 alferat,
986 3259 1177 3306 mercaturam
1193 3269 1315 3321 exerce,
1333 3271 1412 3307 com·

337 3362 407 3420 para
427 3343 508 3418 quod
526 3341 634 3400 vendas
657 3343 749 3418 pluris
773 3342 894 3400 dimidio
916 3359 1003 3416 quam
1025 3340 1146 3414 emeris,
1171 3359 1267 3416 neque
1287 3342 1411 3400 fastidias
1481 3351 1482 3406 J

337 3435 428 3494 olidas
441 3434 577 3510 quasdam
591 3454 718 3507 merces,
735 3455 799 3510 quae
818 3447 897 3493 trans
910 3434 1040 3490 Tiberim
1061 3433 1247 3510 deportanda
1265 3435 1344 3504 sint;
1368 3447 1412 3492 aut

342 3539 426 3603 putes
445 3527 639 3586 differentiam
655 3529 779 3603 aliquam
798 3529 875 3585 inter
893 3540 1038 3602 unguenta
1058 3528 1221 3586 suavissima
1244 3537 1274 3585 et
1291 3528 1411 3586 fetidum
1481 3555 1482 3604 ᾗ

315 3665 318 3674 2
337 3622 450 3679 corium
468 3642 528 3681 esse
547 3623 744 3680 statuendam:
756 3623 830 3680 bene
844 3623 904 3679 olet
922 3620 1066 3697 quidquid
1082 3632 1126 3680 est
1139 3621 1228 3692 lucri,
1251 3621 1410 3679 undecum-

337 3714 442 3786 quaid
460 3715 606 3771 afferatur.
633 3717 718 3771 Hunc
737 3716 824 3771 Ennii
843 3714 1036 3786 versiculum,
1057 3715 1177 3791 dignum
1198 3725 1277 3772 certe
1295 3717 1410 3791 Superis
1481 3701 1482 3718 ¹

335 3804 502 3862 auctoribus
522 3817 551 3864 et
570 3806 633 3881 ipso
654 3807 744 3875 Jove,
763 3825 877 3882 semper
897 3827 1004 3883 usurpa
1019 3829 1026 3864 :
1041 3808 1150 3865 «Unde
1170 3807 1286 3878 habeas,
1309 3809 1411 3884 quaerit

335 3914 440 3966 nem03
461 3897 512 3953 sed
530 3909 649 3972 oportet
666 3899 804 3958 babere.»
826 3901 908 3956 Hanc
929 3900 1094 3975 praeclaram
1115 3899 1285 3957 sententiam
1307 3900 1409 3956 docent

335 3989 439 4068 recula
448 3991 584 4063 parrulos
595 4011 713 4066 pueros,
729 3992 780 4067 qui
787 3994 823 4050 ab
833 3992 901 4068 ipsis
913 3992 1023 4068 aliquid
1033 3992 1192 4066 pecuniolae
1202 3992 1349 4069 rogitant:
1363 4011 1405 4048 ea-

337 4079 403 4136 dem
415 4081 516 4155 puellae
527 4099 626 4140 omnes
640 4083 822 4159 perdiscunt,
837 4097 990 4161 autequam
1002 4085 1095 4160 prima
1107 4085 1255 4142 literarum
1266 4087 1405 4162 appellare

337 4173 437 4231 norint
451 4176 598 4232 elementa.
