2992 4984
206 393 256 460 nr
279 387 508 458 suumin
534 387 773 454 omnint
797 391 1031 459 run‘nnu.
1079 395 1140 485 287

109 529 128 562 r.
137 507 188 560 Seu.
205 505 236 560 de
253 507 292 558 ira
306 505 348 568 ΙΙ,
362 504 403 557 32.
416 504 496 556 Ratio
508 515 559 565 eat,
569 501 633 575 quir
643 501 761 555 vindicta
774 504 884 574 agrestis
897 515 923 557 et
933 506 1063 558 neturaiis
1075 525 1147 579 quu-

108 591 155 644 deu
160 590 254 664 justitia
268 601 322 652 est,
336 601 366 642 ut
378 589 449 641 Baco
460 587 597 641 verulam.
617 586 700 640 Serm.
717 584 803 640 Fidei.
822 589 861 640 tv
889 589 1022 642 aubtiliter
1034 589 1147 662 judicat·

107 675 200 727 Henniu.
211 703 243 714 -
256 673 332 724 Hanc
342 671 500 724 sententiam
512 671 550 725 eic
566 671 692 744 expressit
703 671 819 742 Magnus
832 672 878 724 ille
890 685 995 728 nostrae
1014 679 1145 744 Comeille,

105 759 231 826 Μαρια,
242 769 291 809 act.
303 756 339 816 V,
352 771 388 808 sc.
400 772 411 807 r
424 771 431 808 ε

267 848 669 910 «Tombeaurmoiieoiel.pourru
678 851 909 914 cruciamentum·

105 941 130 992 Et
139 937 216 1011 lepide
224 937 303 992 simul
315 955 348 990 uo
361 937 496 1009 sapienter
508 953 598 990 nouus
614 938 770 1004 Lafhntaine.
783 938 830 991 lib.
846 939 885 1003 X,
897 939 951 994 sab.
966 958 1015 993 ηε

266 1055 558 1081 .............
573 1037 600 1081 Je
612 1036 655 1080 raia
664 1049 709 1094 que
719 1034 740 1079 ia
749 1050 877 1096 vengeauoe

265 1111 477 1156 «Ertuumorceau
488 1108 516 1155 do
527 1111 574 1164 roi,
585 1123 688 1154 cernone
696 1109 903 1156 rivoaendieux.»
1088 1115 1131 1162 En.

133 1264 190 1310 Vn.
211 1259 267 1310 182.
286 1259 375 1321 Nullis,
382 1260 504 1334 Interdurn
515 1257 613 1319 levibus,
624 1273 663 1307 11.
711 1281 713 1288 ι

130 1365 189 1418 Nor.
209 1366 354 1432 181-192.
378 1364 510 1418 Praecluro
528 1361 673 1435 respondet
692 1376 780 1434 poeta.
801 1368 852 1417 Hoc
870 1369 963 1419 indocti
981 1355 1075 1425 dicunt
1089 1390 1148 1426 aen·

105 1447 215 1520 tiuntque.
224 1479 256 1489 -
267 1450 565 1522 Proecordr'aflagranria,
578 1445 696 1498 animum
708 1462 862 1502 aestuantem
874 1451 922 1506 ira.
934 1451 994 1505 Sen.
1008 1451 1042 1505 dc
1055 1455 1094 1508 ira
1104 1457 1148 1521 11,

107 1550 144 1600 ¹9¹
158 1534 271 1586 «Volunt
284 1530 396 1604 quidam
411 1551 442 1585 ex
456 1531 553 1585 noetria
567 1532 678 1600 (Stoici)
691 1530 759 1584 iram
773 1533 800 1584 in
818 1545 927 1605 pectore
939 1537 1055 1603 moveri,
1069 1539 1151 1593 esser·

103 1631 205 1671 terrente
221 1617 293 1672 circa
305 1636 353 1671 cor
365 1617 502 1688 sanguiue.
521 1617 624 1679 Causa,
637 1634 686 1668 cur
696 1616 742 1668 hio
755 1617 922 1688 potissimum
937 1619 1092 1693 adsignetur
1104 1626 1149 1680 ira

104 1699 176 1763 locus,
188 1720 239 1753 non
253 1701 371 1764 aliaest,
385 1719 465 1772 quum
477 1699 551 1772 quod
563 1701 590 1752 in
605 1711 663 1753 toto
674 1717 786 1772 corpore
796 1703 987 1757 calidissimum
998 1719 1089 1777 pectus
1099 1723 1148 1763 est.

104 1783 192 1848 Quibus
204 1783 307 1837 humidi
320 1786 381 1856 pluo
393 1786 475 1849 inest,
487 1803 579 1838 eorum
593 1784 724 1856 paulatim
737 1787 831 1840 crescit
843 1788 898 1854 ira,
911 1791 974 1861 quia
988 1809 1041 1844 uon
1052 1805 1091 1845 est
1103 1813 1150 1865 pa·

104 1879 163 1918 ntur
179 1866 228 1919 illie
241 1868 326 1931 calor,
341 1866 387 1921 red
400 1881 475 1920 motu
489 1867 647 1938 acquiritur.
673 1871 768 1942 ltaque
779 1891 924 1942 puerorum
939 1874 1151 1949 feminarumque

106 1947 140 1999 ire
151 1949 236 2016 (conf.
251 1950 299 2004 inf.
310 1970 349 2004 aa.
367 1967 424 2018 ιρι,
439 1968 487 2018 19²
498 1954 519 2022 ),
538 1961 613 2005 actor
626 1954 724 2024 magia,
741 1973 823 2027 quam
836 1975 930 2028 grum
946 1970 1008 2012 aunt
1024 1961 1150 2015 leviores·

107 2051 156 2102 que,
167 2032 226 2087 dum
242 2035 446 2106 incipiunt,etc.
457 2059 470 2080 n

132 2195 188 2244 Van.
206 2197 263 2258 184.
280 2195 362 2254 Dicit,
376 2197 415 2256 16,
428 2197 469 2257 2³,
482 2205 524 2256 24,
535 2199 575 2252 60,
588 2195 630 2246 65.

131 2297 188 2350 Nor.
212 2299 260 2362 184
272 2317 327 2370 seq.
352 2299 411 2352 Hoc
425 2319 478 2352 non
493 2297 614 2370 praecipit
627 2298 810 2370 philosophia.
825 2331 859 2340 -
875 2304 1021 2372 Chrysippus
1034 2283 1148 2362 Stoicui‚

14 2415 16 2434 ,
105 2405 132 2418 -·-
141 2383 190 2430 Mite
204 2381 310 2432 Thaletis
323 2384 459 2451 ingenium,
472 2382 572 2434 Thales
587 2381 657 2432 initio
671 2380 771 2451 ingenii
786 2383 843 2445 νὴ,
856 2383 911 2437 vid.
927 2385 963 2437 ad
976 2387 1027 2452 IV,
1041 2390 1085 2457 39.

134 2487 193 2540 Nor.
214 2488 266 2540 185.
285 2493 367 2540 Senex
384 2491 482 2540 uicinus
496 2494 619 2555 Hyrnecto,
634 2489 720 2540 monti
732 2489 824 2541 Attica
838 2495 921 2561 (dulci
927 2531 934 2555 ,
946 2494 983 2544 ob
996 2496 1083 2548 mellis
1098 2517 1147 2570 op·

106 2569 153 2622 tini
168 2571 301 2642 copiam),
314 2583 353 2624 est
364 2572 487 2626 Socrates
498 2572 678 2636 Atheniensis3
694 2570 727 2624 de
742 2575 818 2645 cujus
832 2575 960 2645 patientia
980 2595 1011 2630 ac
1026 2579 1150 2636 modera-

105 2653 164 2706 tione
175 2655 216 2707 irae
227 2655 281 2709 vid.
294 2656 354 2708 Sen.
371 2653 405 2707 de
416 2657 495 2708 Cous.
509 2673 565 2726 unp.
578 2672 601 2707 c.
617 2657 658 2718 18,
671 2668 697 2708 et
712 2655 746 2709 de
759 2657 816 2723 Iro,
833 2661 861 2722 Ι,
879 2662 922 2724 15;
940 2663 1002 2726 ΙΙΙ,
1021 2682 1067 2729 1¹3
1080 2667 1148 2721 Plat.

14 2773 15 2780 ,
106 2737 170 2808 Apol.
183 2739 254 2792 Socr.
265 2739 374 2811 passim.
388 2737 489 2790 Eadem
499 2738 625 2810 proniore
636 2738 813 2795 adumbratur
822 2743 874 2797 loc.
887 2744 960 2798 laud.
971 2765 1009 2799 ve.
1022 2751 1148 2821 186,187.

106 2848 133 2859 -
144 2821 218 2874 Mutii
230 2835 314 2895 poetro
325 2823 398 2874 hauc
411 2821 528 2874 Socratis
541 2819 661 2874 divinam
672 2824 902 2880 mansuetudinem
915 2829 1079 2885 cecinerunt.
1090 2835 1150 2889 Duo

106 2916 155 2956 tunt
165 2905 319 2959 recentiores
330 2905 358 2956 in
372 2917 449 2976 gente
459 2917 563 2970 nostra,
577 2906 644 2958 clar.
658 2909 814 2971 denomino,
825 2908 1003 2963 I’Immoreolr'te'
1019 2918 1049 2965 de
1061 2917 1148 2979 l'dme,

106 2985 166 3037 ciant
177 2988 229 3052 111,
247 3007 308 3061 pag.
324 3007 391 3058 ²⁰7·
407 3005 464 3060 sqq.
480 3001 506 3040 et
520 2990 584 3042 clar.
601 2992 631 3039 de
645 2993 799 3056 laruarum,
818 2995 843 3042 Ia
859 2998 923 3044 More
935 3000 965 3045 de
979 3003 1083 3050 Socrate.
1096 3002 1148 3056 En.

107 3096 133 3109 ·-
142 3073 231 3134 Cim,
240 3070 294 3125 rid.
305 3070 340 3124 ad
350 3072 416 3135 VH,
431 3075 489 3125 206.
502 3079 613 3139 Accepta
625 3073 688 3122 irater
695 3075 811 3139 ortucula,
825 3077 851 3128 in
861 3077 919 3148 ipro
929 3096 1047 3146 carcere,
1057 3083 1085 3136 in
1095 3103 1149 3158 quo
1207 3105 1222 3118 .

107 3171 217 3209 venenum
226 3157 315 3210 hausit
325 3157 457 3211 Socrates.
469 3187 505 3198 -
516 3163 599 3216 Soeva,
615 3155 650 3208 ob
662 3159 718 3228 ejue
731 3159 920 3216 innocentiam.

135 3317 191 3365 Van.
210 3321 265 3368 186.
283 3321 371 3381 Sam,
383 3321 424 3381 26,
435 3335 474 3386 27,
488 3321 529 3382 46,
540 3324 582 3384 48,
597 3325 637 3382 5⁰,
648 3325 816 3386 57-6o,ot.
826 3330 902 3388 Saeve,
914 3339 956 3392 ⁴7·

14 3477 16 3486 ‚
135 3424 191 3472 Vn.
210 3429 264 3494 187.
283 3429 367 3489 Quum
386 3427 434 3476 eibi
448 3445 500 3476 uon
512 3430 659 3506 satisfaciunt
670 3431 790 3496 interpp„
811 3433 893 3482 locum
905 3438 1006 3502 corrigit
1020 3437 1151 3504 Crammer,

14 3509 16 3514 ’
108 3513 127 3550 et
135 3506 292 3574 siclegendum
303 3507 434 3576 proponit:

256 3635 627 3651 ................
644 3607 743 3653 Plurima
753 3607 810 3656 sellie

254 3678 364 3724 Paulatim
375 3681 442 3734 uitia,
452 3688 519 3740 atque
528 3695 617 3727 errores
627 3685 702 3740 exuit,
713 3688 787 3732 omnia

252 3755 328 3799 Prima
338 3753 421 3799 docem
432 3757 502 3806 recti,
513 3757 627 3816 Sapientia
638 3775 643 3802 ε
657 3767 700 3805 etc.

14 3827 15 3910 Ξ
107 3848 166 3898 ntis
174 3852 276 3920 inteiligit
287 3855 318 3903 de
327 3856 460 3904 iracundiae
473 3867 546 3915 aectu,
558 3861 627 3921 cojue
638 3863 749 3926 proxime
760 3865 853 3912 mentio
865 3866 923 3914 sacta
933 3878 976 3916 eet.
985 3868 1067 3918 Pruna
1080 3869 1149 3934 recti,

107 3943 153 3980 tunt
161 3936 271 4003 principia
280 3941 339 3986 iacti
348 3949 372 3986 et
384 3939 495 4000 virtutis,
505 3951 534 3988 ut
547 3943 613 4006 apud
623 3945 766 3992 Ciceronem
775 3945 854 4010 prima
867 3945 911 3996 ilia
921 3959 1022 4002 natura.
1033 3954 1077 4001 Eo.

138 4038 195 4092 Nor.
215 4043 270 4113 187.
289 4044 357 4096 Tres
370 4045 478 4116 proprie
491 4047 608 4100 Socratis
623 4047 889 4117 incrementorum,
902 4055 1147 4127 Anytua,Melitus,

14 4131 15 4204 J
108 4115 191 4188 Lycur.
201 4153 233 4166 -
251 4129 344 4195 Nollet,
355 4128 497 4198 noluisset,
513 4130 570 4185 scil.
583 4131 605 4184 ei
617 4131 640 4186 ie
651 4131 686 4186 ud
697 4133 880 4205 poeniteutiam
888 4153 983 4191 rereua
996 4137 1076 4192 simul
1087 4157 1148 4192 cunr

14 4213 16 4238 i
