3036 4984
363 383 424 451 128
520 388 689 454 VARIAE
711 389 1007 456 LECTIONES
1030 393 1094 456 ΕΤ
1118 391 1270 459 NO'I'AE

392 499 462 554 Non.
481 503 542 556 318.
562 509 627 554 Tuus
645 506 801 568 Endymion,
815 501 886 557 lilius
900 517 962 558 tuus
974 505 1116 560 formosus.
1132 509 1284 572 Endrmion,
1303 519 1391 580 pastor
1407 523 1424 559 s

359 585 434 636 Luna
447 583 603 639 adsmutus:
614 586 662 658 qui
674 587 784 660 mythos
798 584 862 639 inde
873 600 962 652 ortus,
976 588 1050 660 quod
1062 589 1164 662 primus
1176 591 1246 643 lune
1257 609 1363 643 cursum
1377 591 1424 642 ob·

359 668 474 723 serrsrit
484 671 496 737 (
503 667 564 722 vide
578 669 645 722 Plim
659 670 702 733 11,
715 673 794 737 9),et
804 670 918 741 pulcher
932 671 996 734 suit;
1010 691 1140 727 summsm
1152 673 1224 726 enim
1234 673 1352 726 bominis
1365 673 1425 744 pul-
1501 697 1502 714 i

358 748 538 805 chritudinem
552 749 741 806 adumbraturi
753 767 838 824 poete
852 752 972 824 lingunt¹
984 753 1049 808 deos
1060 757 1116 828 ejus
1131 773 1221 810 surore
1238 767 1332 828 coptos
1351 773 1422 818 esse,

358 851 472 905 eumque
484 834 612 908 rapuisse.
622 846 631 871 ¹
642 865 676 878 -
686 837 787 888 Dilestoe
793 871 802 900 ,
812 835 950 900 formose,
965 850 993 890 et
1005 857 1087 910 quum
1100 852 1173 892 smst
1185 849 1296 911 propter
1307 839 1424 910 pulchri·

357 914 487 970 tudinem.

393 1012 461 1064 Nor.
479 1012 539 1080 ³¹9·
558 1014 674 1076 Servilia,
694 1022 817 1066 mutmus
829 1012 957 1068 deformis
971 1033 1003 1068 sc
1018 1014 1101 1070 dives.
1112 1024 1124 1052 ¹
1134 1044 1170 1056 -
1182 1015 1235 1068 Vix
1249 1013 1422 1081 crediderim,

358 1106 465 1166 poetsm
478 1095 623 1167 respexisse
634 1093 703 1148 duss
711 1095 850 1158 Servilius,
863 1098 1030 1168 turpissimus
1043 1097 1152 1151 Cutouis
1165 1115 1284 1162 rorone,
1300 1115 1316 1150 e
1329 1097 1425 1168 quibus
1502 1087 1503 1112 ¹

358 1177 456 1241 ultera,
466 1177 542 1229 Bruti
557 1189 654 1241 mster,
672 1195 734 1229 cum
747 1175 853 1230 Cessre
868 1179 989 1231 libidinis
1008 1179 1197 1232 commercium
1212 1179 1323 1246 babuit,
1344 1179 1427 1232 slters
1462 1193 1466 1204 ·

359 1272 447 1315 sutem
468 1280 484 1313 s
502 1261 631 1322 lucullo,
651 1260 749 1314 msrito
770 1279 837 1327 suo,
859 1261 895 1314 ob
915 1274 1077 1334 prostratum
1096 1260 1254 1334 pudicitism
1277 1262 1329 1315 init
1347 1279 1426 1335 repu-

280 1337 289 1350 “
359 1345 442 1400 diets.
463 1346 534 1418 Vide
549 1347 623 1401 Suet.
643 1347 709 1400 Ces.
732 1345 780 1412 ⁵03
800 1347 872 1400 Plut.
891 1347 919 1400 in
939 1348 1066 1412 Lucullo,
1080 1365 1143 1418 psg.
1166 1347 1345 1418 5173iucu.
1359 1348 1425 1402 uin.

359 1450 421 1504 psg.
437 1432 503 1504 759,
519 1433 585 1503 769,
604 1450 668 1502 770,
684 1429 749 1502 765,
771 1443 797 1483 et
817 1432 845 1483 in
861 1432 935 1486 Brut.
956 1449 1018 1502 ρας.
1032 1431 1093 1499 964.
1111 1429 1161 1483 ills
1180 1443 1251 1486 certe
1268 1449 1322 1484 non
1341 1450 1427 1482 numos

360 1517 428 1566 dedit
440 1514 550 1574 Cussri,
575 1512 622 1568 sed
644 1513 808 1585 smplissims
829 1516 920 1586 potius
936 1515 972 1570 sb
994 1535 1027 1569 eo
1047 1514 1152 1587 accepit
1173 1513 1245 1568 dous
1269 1533 1301 1569 sc
1317 1515 1426 1590 padio.

360 1595 431 1650 Vide
447 1598 519 1652 suet.
534 1609 561 1649 et
574 1597 646 1652 Plut.
660 1596 728 1649 locis
743 1597 841 1650 citetis.

394 1743 462 1790 Vsu.
481 1743 540 1790 370.
557 1739 624 1800 riae,
641 1741 822 1805 sb.-stesu,
841 1757 883 1802 77,
902 1741 1015 1802 46-50,
1031 1743 1075 1802 55,
1094 1743 1140 1805 67,
1157 1743 1200 1801 67,
1219 1744 1262 1803 63,
1281 1743 1325 1798 65.
1342 1744 1426 1792 68.-

351 1825 450 1886 'Eaeuit,
466 1833 508 1881 74.
526 1823 621 1884 Erum,
645 1839 685 1883 rs,
702 1832 742 1886 74,
759 1825 799 1872 16.
815 1823 901 1882 Eruet,
920 1825 961 1883 75,
975 1825 1017 1884 46,
1033 1825 1076 1886 48,
1093 1834 1135 1888 49,
1151 1827 1193 1884 55,
1206 1827 1248 1886 56,
1260 1828 1302 1888 57,
1317 1827 1429 1889 59-63,

361 1907 477 1971 65—69,
494 1921 536 1966 7¹¹
553 1915 594 1968 7⁴·

397 2000 466 2052 Nor.
485 1999 545 2053 370.
564 1999 650 2064 Illius,
664 1999 743 2072 hujus
755 1999 881 2055 Servilia.
893 2031 927 2042 -
939 2004 1020 2052 Estne
1032 1999 1105 2054 lilius
1118 2011 1180 2054 tuus
1193 1998 1268 2071 turpi
1284 2013 1427 2068 metrone,

361 2083 449 2155 quslis
462 2081 573 2136 servilis
583 2093 636 2148 est,
648 2101 742 2134 omttem
761 2088 869 2150 eorporis
884 2099 1013 2144 omasum,
1025 2084 1078 2137 boc
1093 2094 1146 2148 est,
1160 2101 1262 2137 smores
1272 2086 1330 2155 ejus
1342 2099 1427 2138 sectr·

361 2177 444 2242 bitur,
457 2175 543 2230 donec
557 2176 684 2230 omnibus
695 2195 755 2230 erm
770 2175 916 2233 nudaverit
929 2177 1074 2232 unionibus
1086 2179 1128 2235 vel
1143 2178 1253 2250 gemmis
1270 2178 1430 2252 reliquoque

363 2261 483 2334 corporis
495 2273 602 2315 ornatu.
612 2259 624 2298 ³

394 2407 460 2454 Vsu.
479 2407 538 2454 577.
556 2406 614 2464 Ilia,
631 2421 672 2454 ur.

395 2497 465 2552 Nor.
485 2499 545 2552 3²1.
567 2501 635 2567 Quid
650 2502 715 2550 euim
729 2502 808 2574 pretii
827 2520 860 2555 sc
874 2501 993 2555 muneris
1011 2505 1065 2553 ulla
1079 2501 1177 2555 mulier
1196 2499 1335 2572 impudice
1350 2520 1429 2572 nega·

360 2585 420 2636 serit
430 2583 485 2633 udis
496 2584 651 2650 inguinibus,
662 2580 691 2634 in
699 2584 832 2638 Venerem
843 2582 1036 2655 libidinemque
1044 2582 1167 2636 conferre
1180 2581 1335 2635 dubitabit?

395 2729 462 2774 Vsu.
482 2727 540 2776 377.
559 2727 616 2773 Hac
633 2737 678 2789 est,
697 2743 738 2787 ιι,
755 2729 797 2785 45.
808 2755 840 2764 -
854 2725 942 2794 Oppiis,
958 2743 981 2786 ι,
1002 2737 1045 2788 47,
1060 2728 1102 2786 54,
1117 2727 1157 2789 57,
1173 2742 1214 2788 70,
1233 2724 1274 2787 75,
1290 2727 1333 2788 76,
1347 2726 1391 2786 67,
1407 2738 1431 2776 et

360 2827 445 2861 omnes
464 2811 516 2858 iere
528 2809 601 2857 codd.
613 2809 687 2858 Purin
704 2819 764 2858 teste
778 2809 891 2858 Acbsint.
909 2811 992 2876 Optio,
1013 2827 1054 2870 rs,
1067 2820 1107 2868 74.
1123 2826 1163 2869 77,
1176 2825 1218 2870 77,
1231 2811 1272 2857 73.
1288 2809 1341 2876 Opis
1352 2827 1378 2866 a,
1390 2827 1431 2860 ur.

361 2893 474 2960 Oppium,
488 2909 528 2942 70,
538 2891 629 2957 &ipim
648 2895 686 2942 16.
707 2893 797 2958 l'ppia,
817 2909 856 2957 ¹9·
870 2895 977 2960 Hypnia,
996 2893 1035 2953 1⁵,
1052 2895 1093 2949 45.
1106 2891 1221 2958 [lupide.
1237 2895 1277 2942 18.
1294 2893 1374 2958 ἱμρὲα,
1390 2904 1432 2953 74,

362 2980 404 3036 46,
418 2979 461 3038 48,
479 2979 519 3026 58.
537 2976 635 3042 Hippia,
660 2991 699 3036 ro,
719 2993 759 3036 rr,
776 2977 817 3036 75,
832 2986 874 3040 49,
889 2977 931 3038 50,
950 2979 992 3026 55.
1011 2977 1054 3034 56,
1067 2976 1179 3040 59-69,
1191 2985 1302 3036 77-74,
1319 2991 1362 3036 77,
1378 2993 1433 3026 uon

338 3041 344 3048 ι
361 3061 467 3126 improb.
480 3059 597 3108 Sohund.
609 3071 636 3108 ut
648 3075 733 3108 sensus
744 3061 789 3108 sit:
800 3061 852 3108 sire
863 3069 900 3108 est
909 3059 1115 3122 impudicissims,
1125 3058 1203 3119 qualis
1214 3056 1302 3121 Hippia
1313 3059 1360 3104 luit
1368 3060 1433 3124 (vid.

360 3157 414 3205 sup.
427 3139 567 3205 67-775),
580 3143 630 3188 sire
639 3142 787 3202 ossduims,
797 3141 876 3205 quslis
888 3143 934 3190 suit
945 3141 1056 3201 Catulla,
1070 3151 1145 3204 utque
1155 3150 1225 3204 ports
1236 3139 1360 3209 μωόγυνος
1371 3159 1434 3190 007·

362 3222 457 3282 tendst,
467 3215 557 3270 nullum
570 3225 674 3272 omnino
685 3225 799 3271 seminum
811 3241 863 3272 esse
874 3225 979 3286 bonnm,
990 3225 1100 3288 nihilque
1112 3225 1227 3272 interesse
1242 3225 1305 3271 iuter
1317 3225 1433 3276 lascivio·

362 3322 413 3356 rem
432 3317 456 3353 et
471 3306 536 3353 inter
554 3321 621 3364 eum,
634 3322 687 3369 quse
705 3307 837 3354 maximum
850 3308 966 3356 csstitstis
982 3307 1078 3354 laudem
1096 3305 1128 3354 sit
1142 3308 1282 3371 promerits.
1297 3304 1347 3356 Sed
1365 3321 1432 3360 essu

320 3387 342 3400 ''
361 3392 449 3441 mulier
460 3392 491 3440 eb
501 3392 551 3440 boc
564 3391 621 3440 loco
636 3392 723 3440 eliens.

397 3485 465 3538 Nor.
485 3485 545 3538 377.
566 3487 662 3552 Oppia,
674 3482 766 3554 judice
779 3484 844 3538 brit.
859 3483 928 3538 lorte
947 3485 1062 3557 patricis
1079 3502 1111 3538 sc
1127 3484 1240 3550 uobilis;
1253 3490 1352 3539 caecilia
1364 3508 1435 3543 rem

780 3636 1010 3657 mmm

399 3752 406 3776 ¹
426 3743 575 3809 Vidileyn.
586 3743 716 3808 Antiqnnr.
727 3744 872 3802 6077601,
952 3736 964 3775 ³
982 3743 1142 3804 Interpretes,
1157 3750 1276 3803 quotquot
1293 3739 1360 3799 ridi,
1376 3739 1433 3789 lue

361 3835 386 3872 et
395 3822 426 3872 60
437 3823 591 3887 Endymione
601 3823 667 3871 idem
676 3822 708 3872 sd
719 3822 836 3887 Apollod.
848 3823 873 3882 1,
916 3820 991 3868 verbs
1012 3819 1045 3867 its
1066 3829 1194 3883 exponunt
1210 3836 1216 3864 :
1236 3831 1309 3866 exeret
1326 3819 1434 3870 Scrvilis

362 3919 386 3965 7,
403 3902 434 3959 5,
451 3910 475 3948 et
490 3899 584 3948 Hsrles.
597 3901 629 3948 sd
642 3900 716 3950 ovid.
735 3901 808 3950 Trist.
829 3903 870 3962 11,
917 3915 1009 3946 omnem
1020 3897 1124 3962 corporis
1135 3909 1257 3956 umatum,
1275 3908 1302 3944 ut
1315 3895 1434 3947 sdultero

362 3996 422 4044 ²99·
915 3979 1000 4028 donet.
1025 3977 1072 4025 Sed
1094 3976 1194 4026 verbum
1218 3989 1289 4025 exuet
1311 3977 1342 4024 sd
1361 3977 1432 4028 idem

396 4065 406 4090 ¹
424 4059 501 4106 Vetus
518 4057 599 4106 Scbol.
618 4063 731 4110 sumn
741 4061 869 4124 sujum
915 4058 1106 4120 subjectnm,sd
1119 4058 1186 4124 quod
1193 4057 1253 4126 fiet,
1268 4057 1431 4106 referendum

357 4136 648 4201 molierissurpissime.·
914 4149 958 4187 est.
