<?xml version="1.0" encoding="UTF-8"?>
<!DOCTYPE html PUBLIC "-//W3C//DTD XHTML 1.0 Transitional//EN"
    "http://www.w3.org/TR/xhtml1/DTD/xhtml1-transitional.dtd">
<html xmlns="http://www.w3.org/1999/xhtml" xml:lang="en" lang="en">
 <head>
  <title>
</title>
<meta http-equiv="Content-Type" content="text/html;charset=utf-8" />
  <meta name='ocr-system' content='tesseract 3.04.00' />
  <meta name='ocr-capabilities' content='ocr_page ocr_carea ocr_par ocr_line ocrx_word'/>
</head>
<body>
  <div class='ocr_page' id='page_1' title='image "./sexdecimsatir02lemagoog_0081.png"; bbox 0 0 3074 4990; ppageno 0'>
   <div class='ocr_carea' id='block_1_1' title="bbox 354 467 1148 559">
    <p class='ocr_par' dir='ltr' id='par_1_1' title="bbox 354 467 1148 559">
     <span class='ocr_line' id='line_1_1' title="bbox 354 467 1148 559; baseline -0.004 -23"><span class='ocrx_word' id='word_1_1' title='bbox 354 495 397 559; x_wconf 88' lang='lat'><strong>70</strong></span> <span class='ocrx_word' id='word_1_2' title='bbox 657 471 697 532; x_wconf 86' lang='lat' dir='ltr'><strong>n.</strong></span> <span class='ocrx_word' id='word_1_3' title='bbox 719 467 1148 534; x_wconf 78' lang='lat' dir='ltr'><strong>suurttuvnuams</strong></span> 
     </span>
    </p>
   </div>
   <div class='ocr_carea' id='block_1_2' title="bbox 278 579 1530 2319">
    <p class='ocr_par' dir='ltr' id='par_1_2' title="bbox 351 579 1233 676">
     <span class='ocr_line' id='line_1_2' title="bbox 351 579 1233 676; baseline -0.001 -24"><span class='ocrx_word' id='word_1_4' title='bbox 351 582 573 667; x_wconf 86' lang='lat' dir='ltr'><strong>Verberibus;</strong></span> <span class='ocrx_word' id='word_1_5' title='bbox 588 581 747 676; x_wconf 88' lang='lat' dir='ltr'><strong>quosdam</strong></span> <span class='ocrx_word' id='word_1_6' title='bbox 765 579 912 648; x_wconf 77' lang='lat' dir='ltr'><strong>nectos</strong></span> <span class='ocrx_word' id='word_1_7' title='bbox 927 595 961 648; x_wconf 88' lang='lat' dir='ltr'><strong>et</strong></span> <span class='ocrx_word' id='word_1_8' title='bbox 974 581 1105 675; x_wconf 89' lang='lat' dir='ltr'><strong>mugilis</strong></span> <span class='ocrx_word' id='word_1_9' title='bbox 1121 583 1233 651; x_wconf 82' lang='lat' dir='ltr'><strong>intrat.</strong></span> 
     </span>
    </p>

    <p class='ocr_par' dir='ltr' id='par_1_3' title="bbox 353 687 1082 786">
     <span class='ocr_line' id='line_1_3' title="bbox 353 687 1082 786; baseline -0.007 -23"><span class='ocrx_word' id='word_1_10' title='bbox 353 692 419 764; x_wconf 78' lang='lat' dir='ltr'><strong>sed</strong></span> <span class='ocrx_word' id='word_1_11' title='bbox 437 708 512 761; x_wconf 87' lang='lat' dir='ltr'><strong>tuus</strong></span> <span class='ocrx_word' id='word_1_12' title='bbox 526 690 718 786; x_wconf 83' lang='lat' dir='ltr'>Endymion</span> <span class='ocrx_word' id='word_1_13' title='bbox 738 689 865 758; x_wconf 65' lang='lat' dir='ltr'><strong>dilectae</strong></span> <span class='ocrx_word' id='word_1_14' title='bbox 881 687 937 756; x_wconf 82' lang='lat' dir='ltr'><strong>liet</strong></span> <span class='ocrx_word' id='word_1_15' title='bbox 953 688 1082 758; x_wconf 75' lang='lat' dir='ltr'>adulter</span> 
     </span>
    </p>

    <p class='ocr_par' dir='ltr' id='par_1_4' title="bbox 354 800 1235 897">
     <span class='ocr_line' id='line_1_4' title="bbox 354 800 1235 897; baseline -0.003 -23"><span class='ocrx_word' id='word_1_16' title='bbox 354 809 535 890; x_wconf 84' lang='lat' dir='ltr'><strong>Matronae;</strong></span> <span class='ocrx_word' id='word_1_17' title='bbox 558 828 635 872; x_wconf 87' lang='lat' dir='ltr'><strong>mox</strong></span> <span class='ocrx_word' id='word_1_18' title='bbox 650 827 753 897; x_wconf 92' lang='lat' dir='ltr'><strong>quum</strong></span> <span class='ocrx_word' id='word_1_19' title='bbox 766 801 897 870; x_wconf 84' lang='lat' dir='ltr'><strong>dederit</strong></span> <span class='ocrx_word' id='word_1_20' title='bbox 912 800 1051 870; x_wconf 88' lang='lat' dir='ltr'><strong>Servilia</strong></span> <span class='ocrx_word' id='word_1_21' title='bbox 1064 826 1235 888; x_wconf 89' lang='lat' dir='ltr'><strong>nummos,</strong></span> 
     </span>
    </p>

    <p class='ocr_par' dir='ltr' id='par_1_5' title="bbox 354 911 1420 1117">
     <span class='ocr_line' id='line_1_5' title="bbox 354 911 1420 1008; baseline -0.006 -22"><span class='ocrx_word' id='word_1_22' title='bbox 354 916 422 986; x_wconf 81' lang='lat' dir='ltr'><strong>Fiat</strong></span> <span class='ocrx_word' id='word_1_23' title='bbox 438 929 471 982; x_wconf 89' lang='lat' dir='ltr'><strong>et</strong></span> <span class='ocrx_word' id='word_1_24' title='bbox 486 911 588 997; x_wconf 92' lang='lat' dir='ltr'><strong>illius,</strong></span> <span class='ocrx_word' id='word_1_25' title='bbox 606 937 705 1008; x_wconf 91' lang='lat' dir='ltr'><strong>quarn</strong></span> <span class='ocrx_word' id='word_1_26' title='bbox 723 935 792 980; x_wconf 91' lang='lat' dir='ltr'><strong>non</strong></span> <span class='ocrx_word' id='word_1_27' title='bbox 806 925 893 979; x_wconf 88' lang='lat' dir='ltr'><strong>amat</strong></span> <span class='ocrx_word' id='word_1_28' title='bbox 909 935 917 977; x_wconf 92' lang='lat'><strong>:</strong></span> <span class='ocrx_word' id='word_1_29' title='bbox 933 925 1030 980; x_wconf 87' lang='lat' dir='ltr'><strong>exuet</strong></span> <span class='ocrx_word' id='word_1_30' title='bbox 1043 936 1177 980; x_wconf 89' lang='lat' dir='ltr'><strong>onmem</strong></span> <span class='ocrx_word' id='word_1_31' title='bbox 1363 927 1420 980; x_wconf 72' lang='lat'><strong>320</strong></span> 
     </span>
     <span class='ocr_line' id='line_1_6' title="bbox 354 1018 1275 1117; baseline -0.002 -23"><span class='ocrx_word' id='word_1_32' title='bbox 354 1024 512 1117; x_wconf 80' lang='lat' dir='ltr'>Corporis</span> <span class='ocrx_word' id='word_1_33' title='bbox 526 1038 684 1092; x_wconf 88' lang='lat' dir='ltr'><strong>ornatum</strong></span> <span class='ocrx_word' id='word_1_34' title='bbox 699 1047 707 1088; x_wconf 77' lang='grc' dir='ltr'><strong><em>ε</em></strong></span> <span class='ocrx_word' id='word_1_35' title='bbox 725 1020 808 1114; x_wconf 90' lang='lat' dir='ltr'><strong>quid</strong></span> <span class='ocrx_word' id='word_1_36' title='bbox 826 1021 915 1088; x_wconf 87' lang='lat' dir='ltr'><strong>enim</strong></span> <span class='ocrx_word' id='word_1_37' title='bbox 932 1018 998 1090; x_wconf 90' lang='lat' dir='ltr'><strong>ulla</strong></span> <span class='ocrx_word' id='word_1_38' title='bbox 1017 1024 1188 1116; x_wconf 82' lang='lat' dir='ltr'><strong>negaverit</strong></span> <span class='ocrx_word' id='word_1_39' title='bbox 1201 1023 1275 1092; x_wconf 88' lang='lat' dir='ltr'><strong>udis</strong></span> 
     </span>
    </p>

    <p class='ocr_par' dir='ltr' id='par_1_6' title="bbox 278 1129 1197 1227">
     <span class='ocr_line' id='line_1_7' title="bbox 278 1129 1197 1227; baseline -0.008 -21"><span class='ocrx_word' id='word_1_40' title='bbox 278 1190 283 1206; x_wconf 90' lang='lat'><strong>.</strong></span> <span class='ocrx_word' id='word_1_41' title='bbox 353 1133 569 1227; x_wconf 82' lang='lat' dir='ltr'><strong>Inguinibus,</strong></span> <span class='ocrx_word' id='word_1_42' title='bbox 585 1132 653 1199; x_wconf 84' lang='lat' dir='ltr'><strong>sive</strong></span> <span class='ocrx_word' id='word_1_43' title='bbox 670 1143 720 1198; x_wconf 89' lang='lat' dir='ltr'><strong>est</strong></span> <span class='ocrx_word' id='word_1_44' title='bbox 733 1129 803 1199; x_wconf 82' lang='lat' dir='ltr'><strong>haec</strong></span> <span class='ocrx_word' id='word_1_45' title='bbox 819 1131 946 1224; x_wconf 89' lang='lat' dir='ltr'><strong>Oppia,</strong></span> <span class='ocrx_word' id='word_1_46' title='bbox 963 1132 1031 1200; x_wconf 86' lang='lat' dir='ltr'><strong>sive</strong></span> <span class='ocrx_word' id='word_1_47' title='bbox 1045 1131 1197 1202; x_wconf 85' lang='lat' dir='ltr'><strong>Catulla?</strong></span> 
     </span>
    </p>

    <p class='ocr_par' dir='ltr' id='par_1_7' title="bbox 353 1237 1063 1312">
     <span class='ocr_line' id='line_1_8' title="bbox 353 1237 1063 1312; baseline 0.001 -2"><span class='ocrx_word' id='word_1_48' title='bbox 353 1243 509 1310; x_wconf 82' lang='lat' dir='ltr'><strong>Deterior</strong></span> <span class='ocrx_word' id='word_1_49' title='bbox 521 1256 607 1309; x_wconf 93' lang='lat' dir='ltr'><strong>totos</strong></span> <span class='ocrx_word' id='word_1_50' title='bbox 619 1239 716 1306; x_wconf 89' lang='lat' dir='ltr'><strong>habet</strong></span> <span class='ocrx_word' id='word_1_51' title='bbox 732 1237 798 1307; x_wconf 90' lang='lat' dir='ltr'><strong>illic</strong></span> <span class='ocrx_word' id='word_1_52' title='bbox 809 1238 935 1308; x_wconf 82' lang='lat' dir='ltr'><strong>femina</strong></span> <span class='ocrx_word' id='word_1_53' title='bbox 946 1265 1063 1312; x_wconf 89' lang='lat' dir='ltr'><strong>mores.</strong></span> 
     </span>
    </p>

    <p class='ocr_par' dir='ltr' id='par_1_8' title="bbox 352 1347 1530 1662">
     <span class='ocr_line' id='line_1_9' title="bbox 352 1347 1530 1444; baseline 0.001 -25"><span class='ocrx_word' id='word_1_54' title='bbox 352 1349 478 1419; x_wconf 88' lang='lat' dir='ltr'><strong>-Sed</strong></span> <span class='ocrx_word' id='word_1_55' title='bbox 491 1363 580 1417; x_wconf 90' lang='lat' dir='ltr'><strong>casto</strong></span> <span class='ocrx_word' id='word_1_56' title='bbox 592 1347 673 1440; x_wconf 91' lang='lat' dir='ltr'><strong>quid</strong></span> <span class='ocrx_word' id='word_1_57' title='bbox 685 1347 792 1415; x_wconf 87' lang='lat' dir='ltr'><strong>forma</strong></span> <span class='ocrx_word' id='word_1_58' title='bbox 804 1348 1080 1444; x_wconf 73' lang='lat' dir='ltr'><strong>nocetl—quid</strong></span> <span class='ocrx_word' id='word_1_59' title='bbox 1094 1351 1224 1444; x_wconf 90' lang='lat' dir='ltr'><strong>profuit</strong></span> <span class='ocrx_word' id='word_1_60' title='bbox 1237 1352 1340 1420; x_wconf 88' lang='lat' dir='ltr'><strong>immo</strong></span> <span class='ocrx_word' id='word_1_61' title='bbox 1529 1427 1530 1434; x_wconf 9' lang='grc' dir='ltr'>χ</span> 
     </span>
     <span class='ocr_line' id='line_1_10' title="bbox 353 1456 1417 1554; baseline 0.006 -27"><span class='ocrx_word' id='word_1_62' title='bbox 353 1456 536 1553; x_wconf 88' lang='lat' dir='ltr'><strong>Hippolyto</strong></span> <span class='ocrx_word' id='word_1_63' title='bbox 553 1480 653 1551; x_wconf 87' lang='lat' dir='ltr'><strong>grave</strong></span> <span class='ocrx_word' id='word_1_64' title='bbox 671 1457 904 1549; x_wconf 77' lang='lat' dir='ltr'><strong>propositum?</strong></span> <span class='ocrx_word' id='word_1_65' title='bbox 919 1458 1002 1552; x_wconf 85' lang='lat' dir='ltr'><strong>quid</strong></span> <span class='ocrx_word' id='word_1_66' title='bbox 1020 1458 1292 1554; x_wconf 80' lang='lat' dir='ltr'><strong>Bellerophonti?</strong></span> <span class='ocrx_word' id='word_1_67' title='bbox 1362 1481 1417 1533; x_wconf 76' lang='lat'><strong>325</strong></span> 
     </span>
     <span class='ocr_line' id='line_1_11' title="bbox 352 1565 1153 1662; baseline 0.001 -26"><span class='ocrx_word' id='word_1_68' title='bbox 352 1567 497 1636; x_wconf 89' lang='lat' dir='ltr'><strong>Erubuit</strong></span> <span class='ocrx_word' id='word_1_69' title='bbox 513 1589 633 1658; x_wconf 85' lang='lat' dir='ltr'><strong>nempe</strong></span> <span class='ocrx_word' id='word_1_70' title='bbox 649 1565 734 1652; x_wconf 80' lang='lat' dir='ltr'><strong>baec,</strong></span> <span class='ocrx_word' id='word_1_71' title='bbox 750 1590 811 1634; x_wconf 85' lang='lat' dir='ltr'><strong>ceu</strong></span> <span class='ocrx_word' id='word_1_72' title='bbox 829 1566 989 1650; x_wconf 86' lang='lat' dir='ltr'><strong>fastidita,</strong></span> <span class='ocrx_word' id='word_1_73' title='bbox 1007 1567 1153 1662; x_wconf 81' lang='lat' dir='ltr'><strong>repulsa3</strong></span> 
     </span>
    </p>

    <p class='ocr_par' dir='ltr' id='par_1_9' title="bbox 340 1675 1335 1878">
     <span class='ocr_line' id='line_1_12' title="bbox 353 1675 1335 1769; baseline 0.004 -23"><span class='ocrx_word' id='word_1_74' title='bbox 353 1678 427 1747; x_wconf 87' lang='lat' dir='ltr'><strong>Nec</strong></span> <span class='ocrx_word' id='word_1_75' title='bbox 438 1675 638 1745; x_wconf 86' lang='lat' dir='ltr'><strong>Sthenoboea</strong></span> <span class='ocrx_word' id='word_1_76' title='bbox 649 1677 775 1759; x_wconf 90' lang='lat' dir='ltr'><strong>minus,</strong></span> <span class='ocrx_word' id='word_1_77' title='bbox 789 1699 888 1769; x_wconf 88' lang='lat' dir='ltr'><strong>quam</strong></span> <span class='ocrx_word' id='word_1_78' title='bbox 903 1681 1036 1763; x_wconf 84' lang='lat' dir='ltr'><strong>Cressa,</strong></span> <span class='ocrx_word' id='word_1_79' title='bbox 1050 1679 1242 1766; x_wconf 82' lang='lat' dir='ltr'><strong>excanduit3</strong></span> <span class='ocrx_word' id='word_1_80' title='bbox 1257 1695 1335 1750; x_wconf 87' lang='lat' dir='ltr'><strong>etse</strong></span> 
     </span>
     <span class='ocr_line' id='line_1_13' title="bbox 340 1783 1190 1878; baseline -0.001 -21"><span class='ocrx_word' id='word_1_81' title='bbox 340 1791 559 1868; x_wconf 58' lang='lat' dir='ltr'><strong>,concussere</strong></span> <span class='ocrx_word' id='word_1_82' title='bbox 574 1785 677 1852; x_wconf 68' lang='lat' dir='ltr'><strong>ambae</strong></span> <span class='ocrx_word' id='word_1_83' title='bbox 689 1809 697 1854; x_wconf 76' lang='grc' dir='ltr'><strong>ε</strong></span> <span class='ocrx_word' id='word_1_84' title='bbox 708 1783 832 1878; x_wconf 58' lang='lat' dir='ltr'><strong>⁸mulier</strong></span> <span class='ocrx_word' id='word_1_85' title='bbox 842 1786 1017 1856; x_wconf 74' lang='lat' dir='ltr'><strong>saevissima</strong></span> <span class='ocrx_word' id='word_1_86' title='bbox 1031 1801 1111 1856; x_wconf 90' lang='lat' dir='ltr'><strong>tunc</strong></span> <span class='ocrx_word' id='word_1_87' title='bbox 1124 1801 1190 1871; x_wconf 87' lang='lat' dir='ltr'><strong>est,</strong></span> 
     </span>
    </p>

    <p class='ocr_par' dir='ltr' id='par_1_10' title="bbox 351 1893 1420 2209">
     <span class='ocr_line' id='line_1_14' title="bbox 353 1893 1324 1991; baseline 0.005 -30"><span class='ocrx_word' id='word_1_88' title='bbox 353 1895 467 1983; x_wconf 78' lang='lat' dir='ltr'><strong>Quum</strong></span> <span class='ocrx_word' id='word_1_89' title='bbox 479 1893 629 1963; x_wconf 91' lang='lat' dir='ltr'><strong>stimulos</strong></span> <span class='ocrx_word' id='word_1_90' title='bbox 643 1894 720 1963; x_wconf 92' lang='lat' dir='ltr'><strong>odio</strong></span> <span class='ocrx_word' id='word_1_91' title='bbox 735 1894 845 1989; x_wconf 91' lang='lat' dir='ltr'><strong>pudor</strong></span> <span class='ocrx_word' id='word_1_92' title='bbox 858 1895 1022 1966; x_wconf 88' lang='lat' dir='ltr'><strong>admovet.</strong></span> <span class='ocrx_word' id='word_1_93' title='bbox 1038 1895 1151 1990; x_wconf 82' lang='lat' dir='ltr'><strong>Elige,</strong></span> <span class='ocrx_word' id='word_1_94' title='bbox 1165 1896 1324 1991; x_wconf 80' lang='lat' dir='ltr'><strong>quidnam</strong></span> 
     </span>
     <span class='ocr_line' id='line_1_15' title="bbox 352 2003 1420 2099; baseline -0.002 -23"><span class='ocrx_word' id='word_1_95' title='bbox 352 2003 569 2076; x_wconf 80' lang='lat' dir='ltr'><strong>suadendum</strong></span> <span class='ocrx_word' id='word_1_96' title='bbox 583 2031 651 2076; x_wconf 87' lang='lat' dir='ltr'><strong>esse</strong></span> <span class='ocrx_word' id='word_1_97' title='bbox 669 2021 781 2099; x_wconf 86' lang='lat' dir='ltr'><strong>putes,</strong></span> <span class='ocrx_word' id='word_1_98' title='bbox 801 2005 857 2073; x_wconf 90' lang='lat' dir='ltr'><strong>cui</strong></span> <span class='ocrx_word' id='word_1_99' title='bbox 876 2006 1004 2073; x_wconf 85' lang='lat' dir='ltr'><strong>nubere.</strong></span> <span class='ocrx_word' id='word_1_100' title='bbox 1018 2006 1154 2076; x_wconf 80' lang='lat' dir='ltr'><strong>Caesaris</strong></span> <span class='ocrx_word' id='word_1_101' title='bbox 1168 2029 1252 2076; x_wconf 83' lang='lat' dir='ltr'><strong>uxor</strong></span> <span class='ocrx_word' id='word_1_102' title='bbox 1362 2021 1420 2076; x_wconf 79' lang='lat'><strong>³30</strong></span> 
     </span>
     <span class='ocr_line' id='line_1_16' title="bbox 351 2114 1195 2209; baseline 0 -25"><span class='ocrx_word' id='word_1_103' title='bbox 351 2117 503 2184; x_wconf 85' lang='lat' dir='ltr'><strong>Destinat</strong></span> <span class='ocrx_word' id='word_1_104' title='bbox 518 2142 526 2186; x_wconf 77' lang='grc' dir='ltr'><strong>ε</strong></span> <span class='ocrx_word' id='word_1_105' title='bbox 542 2116 687 2209; x_wconf 90' lang='lat' dir='ltr'><strong>optimus</strong></span> <span class='ocrx_word' id='word_1_106' title='bbox 701 2115 772 2199; x_wconf 87' lang='lat' dir='ltr'><strong>bio,</strong></span> <span class='ocrx_word' id='word_1_107' title='bbox 786 2130 820 2183; x_wconf 93' lang='lat' dir='ltr'><strong>et</strong></span> <span class='ocrx_word' id='word_1_108' title='bbox 835 2114 1093 2183; x_wconf 82' lang='lat' dir='ltr'><strong>formosissimus</strong></span> <span class='ocrx_word' id='word_1_109' title='bbox 1107 2114 1195 2184; x_wconf 88' lang='lat' dir='ltr'><strong>idem</strong></span> 
     </span>
    </p>

    <p class='ocr_par' dir='ltr' id='par_1_11' title="bbox 352 2225 1183 2319">
     <span class='ocr_line' id='line_1_17' title="bbox 352 2225 1183 2319; baseline 0 -25"><span class='ocrx_word' id='word_1_110' title='bbox 352 2227 469 2294; x_wconf 83' lang='lat' dir='ltr'><strong>Gentis</strong></span> <span class='ocrx_word' id='word_1_111' title='bbox 482 2225 648 2319; x_wconf 85' lang='lat' dir='ltr'><strong>patriciae,</strong></span> <span class='ocrx_word' id='word_1_112' title='bbox 668 2225 796 2317; x_wconf 82' lang='lat' dir='ltr'><strong>rapitur</strong></span> <span class='ocrx_word' id='word_1_113' title='bbox 810 2225 911 2293; x_wconf 86' lang='lat' dir='ltr'><strong>miser</strong></span> <span class='ocrx_word' id='word_1_114' title='bbox 924 2226 1183 2318; x_wconf 84' lang='lat' dir='ltr'><strong>exstinguendus</strong></span> 
     </span>
    </p>
   </div>
   <div class='ocr_carea' id='block_1_3' title="bbox 348 2439 1422 4258">
    <p class='ocr_par' dir='ltr' id='par_1_12' title="bbox 348 2439 1422 4258">
     <span class='ocr_line' id='line_1_18' title="bbox 352 2439 1419 2516; baseline 0.002 -19"><span class='ocrx_word' id='word_1_115' title='bbox 352 2440 435 2510; x_wconf 83' lang='lat' dir='ltr'><strong>cidit;</strong></span> <span class='ocrx_word' id='word_1_116' title='bbox 452 2439 586 2496; x_wconf 86' lang='lat' dir='ltr'><strong>nonnulli</strong></span> <span class='ocrx_word' id='word_1_117' title='bbox 599 2457 673 2513; x_wconf 81' lang='lat' dir='ltr'><strong>saepe</strong></span> <span class='ocrx_word' id='word_1_118' title='bbox 685 2441 820 2516; x_wconf 73' lang='lat' dir='ltr'><strong>mugilem</strong></span> <span class='ocrx_word' id='word_1_119' title='bbox 834 2440 971 2498; x_wconf 85' lang='lat' dir='ltr'><strong>adulteria</strong></span> <span class='ocrx_word' id='word_1_120' title='bbox 983 2459 1036 2516; x_wconf 86' lang='lat' dir='ltr'><strong>per</strong></span> <span class='ocrx_word' id='word_1_121' title='bbox 1044 2439 1105 2498; x_wconf 82' lang='lat' dir='ltr'><strong>vina</strong></span> <span class='ocrx_word' id='word_1_122' title='bbox 1117 2441 1297 2498; x_wconf 83' lang='lat' dir='ltr'><strong>immiserunt</strong></span> <span class='ocrx_word' id='word_1_123' title='bbox 1308 2442 1419 2500; x_wconf 86' lang='lat' dir='ltr'><strong>mariti.</strong></span> 
     </span>
     <span class='ocr_line' id='line_1_19' title="bbox 352 2530 1421 2606; baseline -0.001 -17"><span class='ocrx_word' id='word_1_124' title='bbox 352 2532 411 2590; x_wconf 87' lang='lat' dir='ltr'><strong>Sed</strong></span> <span class='ocrx_word' id='word_1_125' title='bbox 424 2543 489 2588; x_wconf 87' lang='lat' dir='ltr'><strong>tuna</strong></span> <span class='ocrx_word' id='word_1_126' title='bbox 501 2530 592 2600; x_wconf 85' lang='lat' dir='ltr'><strong>lilius,</strong></span> <span class='ocrx_word' id='word_1_127' title='bbox 606 2549 686 2603; x_wconf 86' lang='lat' dir='ltr'><strong>aeque</strong></span> <span class='ocrx_word' id='word_1_128' title='bbox 701 2533 821 2605; x_wconf 88' lang='lat' dir='ltr'><strong>pulcher</strong></span> <span class='ocrx_word' id='word_1_129' title='bbox 836 2551 868 2589; x_wconf 88' lang='lat' dir='ltr'><strong>ae</strong></span> <span class='ocrx_word' id='word_1_130' title='bbox 882 2531 1061 2606; x_wconf 75' lang='lat' dir='ltr'><strong>Endymion,</strong></span> <span class='ocrx_word' id='word_1_131' title='bbox 1073 2541 1219 2588; x_wconf 83' lang='lat' dir='ltr'><strong>matronas</strong></span> <span class='ocrx_word' id='word_1_132' title='bbox 1230 2543 1342 2587; x_wconf 88' lang='lat' dir='ltr'><strong>tautum</strong></span> <span class='ocrx_word' id='word_1_133' title='bbox 1352 2533 1421 2588; x_wconf 82' lang='lat' dir='ltr'><strong>lor-</strong></span> 
     </span>
     <span class='ocr_line' id='line_1_20' title="bbox 351 2620 1420 2698; baseline 0 -20"><span class='ocrx_word' id='word_1_134' title='bbox 351 2641 445 2678; x_wconf 80' lang='lat' dir='ltr'><strong>naoeas</strong></span> <span class='ocrx_word' id='word_1_135' title='bbox 456 2632 485 2678; x_wconf 86' lang='lat' dir='ltr'><strong>et</strong></span> <span class='ocrx_word' id='word_1_136' title='bbox 497 2631 601 2679; x_wconf 81' lang='lat' dir='ltr'><strong>amatas</strong></span> <span class='ocrx_word' id='word_1_137' title='bbox 614 2620 769 2693; x_wconf 74' lang='lat' dir='ltr'><strong>stuprabit3</strong></span> <span class='ocrx_word' id='word_1_138' title='bbox 779 2621 868 2676; x_wconf 86' lang='lat' dir='ltr'><strong>inuno</strong></span> <span class='ocrx_word' id='word_1_139' title='bbox 880 2639 952 2676; x_wconf 81' lang='lat' dir='ltr'><strong>vero</strong></span> <span class='ocrx_word' id='word_1_140' title='bbox 964 2621 1049 2676; x_wconf 85' lang='lat' dir='ltr'><strong>etiam</strong></span> <span class='ocrx_word' id='word_1_141' title='bbox 1064 2620 1125 2676; x_wconf 84' lang='lat' dir='ltr'><strong>illas</strong></span> <span class='ocrx_word' id='word_1_142' title='bbox 1136 2640 1206 2695; x_wconf 85' lang='lat' dir='ltr'><strong>quaa</strong></span> <span class='ocrx_word' id='word_1_143' title='bbox 1219 2639 1281 2678; x_wconf 92' lang='lat' dir='ltr'><strong>uou</strong></span> <span class='ocrx_word' id='word_1_144' title='bbox 1297 2623 1420 2698; x_wconf 82' lang='lat' dir='ltr'><strong>diliget,</strong></span> 
     </span>
     <span class='ocr_line' id='line_1_21' title="bbox 351 2712 1421 2786; baseline -0.003 -14"><span class='ocrx_word' id='word_1_145' title='bbox 351 2725 381 2772; x_wconf 90' lang='lat' dir='ltr'><strong>et</strong></span> <span class='ocrx_word' id='word_1_146' title='bbox 394 2713 553 2774; x_wconf 78' lang='lat' dir='ltr'><strong>deformem</strong></span> <span class='ocrx_word' id='word_1_147' title='bbox 568 2713 658 2783; x_wconf 83' lang='lat' dir='ltr'><strong>ipsam</strong></span> <span class='ocrx_word' id='word_1_148' title='bbox 671 2712 836 2780; x_wconf 78' lang='lat' dir='ltr'><strong>Serv&#39;diam,</strong></span> <span class='ocrx_word' id='word_1_149' title='bbox 849 2712 939 2768; x_wconf 83' lang='lat' dir='ltr'><strong>modo</strong></span> <span class='ocrx_word' id='word_1_150' title='bbox 955 2712 1104 2786; x_wconf 85' lang='lat' dir='ltr'><strong>pecuniam</strong></span> <span class='ocrx_word' id='word_1_151' title='bbox 1117 2712 1230 2769; x_wconf 85' lang='lat' dir='ltr'><strong>dederit</strong></span> <span class='ocrx_word' id='word_1_152' title='bbox 1243 2733 1251 2769; x_wconf 91' lang='lat'><strong>:</strong></span> <span class='ocrx_word' id='word_1_153' title='bbox 1265 2713 1326 2768; x_wconf 75' lang='lat' dir='ltr'><strong>beo</strong></span> <span class='ocrx_word' id='word_1_154' title='bbox 1342 2713 1421 2770; x_wconf 90' lang='lat' dir='ltr'><strong>nibil</strong></span> 
     </span>
     <span class='ocr_line' id='line_1_22' title="bbox 351 2802 1419 2880; baseline 0 -18"><span class='ocrx_word' id='word_1_155' title='bbox 351 2805 412 2862; x_wconf 87' lang='lat' dir='ltr'><strong>lilio</strong></span> <span class='ocrx_word' id='word_1_156' title='bbox 431 2815 482 2862; x_wconf 94' lang='lat' dir='ltr'><strong>tuo</strong></span> <span class='ocrx_word' id='word_1_157' title='bbox 498 2802 649 2879; x_wconf 80' lang='lat' dir='ltr'><strong>denegabit</strong></span> <span class='ocrx_word' id='word_1_158' title='bbox 660 2803 836 2878; x_wconf 66' lang='lat' dir='ltr'><strong>‚brennone</strong></span> <span class='ocrx_word' id='word_1_159' title='bbox 847 2802 951 2860; x_wconf 87' lang='lat' dir='ltr'><strong>oll&#39;eret</strong></span> <span class='ocrx_word' id='word_1_160' title='bbox 961 2805 1092 2880; x_wconf 83' lang='lat' dir='ltr'><strong>corporis</strong></span> <span class='ocrx_word' id='word_1_161' title='bbox 1105 2817 1291 2876; x_wconf 85' lang='lat' dir='ltr'><strong>ornamenta,</strong></span> <span class='ocrx_word' id='word_1_162' title='bbox 1304 2817 1337 2862; x_wconf 90' lang='lat' dir='ltr'><strong>nt</strong></span> <span class='ocrx_word' id='word_1_163' title='bbox 1348 2823 1419 2862; x_wconf 87' lang='lat' dir='ltr'><strong>eum</strong></span> 
     </span>
     <span class='ocr_line' id='line_1_23' title="bbox 351 2895 1419 2972; baseline -0.002 -16"><span class='ocrx_word' id='word_1_164' title='bbox 351 2897 407 2956; x_wconf 86' lang='lat' dir='ltr'><strong>sibi</strong></span> <span class='ocrx_word' id='word_1_165' title='bbox 421 2897 564 2955; x_wconf 80' lang='lat' dir='ltr'><strong>devinciat</strong></span> <span class='ocrx_word' id='word_1_166' title='bbox 576 2917 583 2952; x_wconf 91' lang='lat'>:</span> <span class='ocrx_word' id='word_1_167' title='bbox 595 2895 673 2956; x_wconf 89' lang='lat' dir='ltr'><strong>unlla</strong></span> <span class='ocrx_word' id='word_1_168' title='bbox 691 2895 767 2952; x_wconf 80' lang='lat' dir='ltr'><strong>enirn</strong></span> <span class='ocrx_word' id='word_1_169' title='bbox 781 2895 896 2964; x_wconf 85' lang='lat' dir='ltr'><strong>mulier,</strong></span> <span class='ocrx_word' id='word_1_170' title='bbox 909 2896 969 2954; x_wconf 85' lang='lat' dir='ltr'><strong>sive</strong></span> <span class='ocrx_word' id='word_1_171' title='bbox 984 2897 1093 2972; x_wconf 83' lang='lat' dir='ltr'><strong>Oppia,</strong></span> <span class='ocrx_word' id='word_1_172' title='bbox 1107 2897 1167 2954; x_wconf 85' lang='lat' dir='ltr'><strong>sive</strong></span> <span class='ocrx_word' id='word_1_173' title='bbox 1183 2899 1306 2966; x_wconf 84' lang='lat' dir='ltr'><strong>Catulle,</strong></span> <span class='ocrx_word' id='word_1_174' title='bbox 1322 2917 1419 2972; x_wconf 87' lang='lat' dir='ltr'><strong>quum</strong></span> 
     </span>
     <span class='ocr_line' id='line_1_24' title="bbox 351 2985 1419 3063; baseline 0.001 -18"><span class='ocrx_word' id='word_1_175' title='bbox 351 2988 453 3046; x_wconf 79' lang='lat' dir='ltr'><strong>ardent</strong></span> <span class='ocrx_word' id='word_1_176' title='bbox 468 2986 588 3043; x_wconf 85' lang='lat' dir='ltr'><strong>libidine</strong></span> <span class='ocrx_word' id='word_1_177' title='bbox 605 2985 717 3042; x_wconf 83' lang='lat' dir='ltr'><strong>madida</strong></span> <span class='ocrx_word' id='word_1_178' title='bbox 735 2987 810 3042; x_wconf 87' lang='lat' dir='ltr'><strong>illius</strong></span> <span class='ocrx_word' id='word_1_179' title='bbox 829 2987 963 3063; x_wconf 82' lang='lat' dir='ltr'><strong>inguina,</strong></span> <span class='ocrx_word' id='word_1_180' title='bbox 981 2989 1107 3062; x_wconf 78' lang='lat' dir='ltr'><strong>pretium</strong></span> <span class='ocrx_word' id='word_1_181' title='bbox 1121 3000 1235 3046; x_wconf 80' lang='lat' dir='ltr'><strong>recusat</strong></span> <span class='ocrx_word' id='word_1_182' title='bbox 1255 2990 1313 3046; x_wconf 83' lang='lat' dir='ltr'><strong>suia</strong></span> <span class='ocrx_word' id='word_1_183' title='bbox 1326 2990 1419 3046; x_wconf 89' lang='lat' dir='ltr'><strong>adnl-</strong></span> 
     </span>
     <span class='ocr_line' id='line_1_25' title="bbox 351 3065 1420 3153; baseline -0.002 -17"><span class='ocrx_word' id='word_1_184' title='bbox 351 3080 430 3148; x_wconf 89' lang='lat' dir='ltr'><strong>teris,</strong></span> <span class='ocrx_word' id='word_1_185' title='bbox 440 3090 474 3134; x_wconf 89' lang='lat' dir='ltr'><strong>nt</strong></span> <span class='ocrx_word' id='word_1_186' title='bbox 482 3078 623 3135; x_wconf 84' lang='lat' dir='ltr'><strong>desideria</strong></span> <span class='ocrx_word' id='word_1_187' title='bbox 632 3080 753 3151; x_wconf 85' lang='lat' dir='ltr'><strong>expleat.</strong></span> <span class='ocrx_word' id='word_1_188' title='bbox 764 3065 880 3136; x_wconf 82' lang='lat' dir='ltr'><strong>Femina</strong></span> <span class='ocrx_word' id='word_1_189' title='bbox 890 3080 920 3136; x_wconf 90' lang='lat' dir='ltr'><strong>iu</strong></span> <span class='ocrx_word' id='word_1_190' title='bbox 931 3079 993 3134; x_wconf 84' lang='lat' dir='ltr'><strong>aliis</strong></span> <span class='ocrx_word' id='word_1_191' title='bbox 1003 3080 1089 3135; x_wconf 86' lang='lat' dir='ltr'><strong>rebus</strong></span> <span class='ocrx_word' id='word_1_192' title='bbox 1098 3080 1217 3153; x_wconf 78' lang='lat' dir='ltr'><strong>pessima</strong></span> <span class='ocrx_word' id='word_1_193' title='bbox 1226 3122 1234 3150; x_wconf 92' lang='lat'><strong>,</strong></span> <span class='ocrx_word' id='word_1_194' title='bbox 1244 3099 1361 3136; x_wconf 81' lang='lat' dir='ltr'><strong>ornnem</strong></span> <span class='ocrx_word' id='word_1_195' title='bbox 1371 3080 1420 3134; x_wconf 87' lang='lat' dir='ltr'><strong>in-</strong></span> 
     </span>
     <span class='ocr_line' id='line_1_26' title="bbox 352 3169 1420 3245; baseline 0 -17"><span class='ocrx_word' id='word_1_196' title='bbox 352 3171 500 3238; x_wconf 88' lang='lat' dir='ltr'><strong>dustriam,</strong></span> <span class='ocrx_word' id='word_1_197' title='bbox 511 3187 609 3225; x_wconf 86' lang='lat' dir='ltr'><strong>ornnes</strong></span> <span class='ocrx_word' id='word_1_198' title='bbox 618 3171 750 3245; x_wconf 88' lang='lat' dir='ltr'><strong>eorporis</strong></span> <span class='ocrx_word' id='word_1_199' title='bbox 761 3183 790 3228; x_wconf 90' lang='lat' dir='ltr'><strong>ct</strong></span> <span class='ocrx_word' id='word_1_200' title='bbox 799 3171 888 3227; x_wconf 88' lang='lat' dir='ltr'><strong>aniani</strong></span> <span class='ocrx_word' id='word_1_201' title='bbox 895 3189 1000 3226; x_wconf 76' lang='lat' dir='ltr'><strong>uersos</strong></span> <span class='ocrx_word' id='word_1_202' title='bbox 1010 3170 1047 3226; x_wconf 82' lang='lat' dir='ltr'><strong>ad</strong></span> <span class='ocrx_word' id='word_1_203' title='bbox 1056 3171 1133 3228; x_wconf 86' lang='lat' dir='ltr'><strong>buno</strong></span> <span class='ocrx_word' id='word_1_204' title='bbox 1142 3171 1227 3228; x_wconf 86' lang='lat' dir='ltr'><strong>linem</strong></span> <span class='ocrx_word' id='word_1_205' title='bbox 1240 3169 1420 3228; x_wconf 86' lang='lat' dir='ltr'><strong>intendit.—</strong></span> 
     </span>
     <span class='ocr_line' id='line_1_27' title="bbox 350 3261 1422 3335; baseline -0.001 -16"><span class='ocrx_word' id='word_1_206' title='bbox 350 3265 475 3329; x_wconf 86' lang='lat' dir='ltr'><strong>Verum,</strong></span> <span class='ocrx_word' id='word_1_207' title='bbox 490 3261 618 3334; x_wconf 79' lang='lat' dir='ltr'><strong>inquies,</strong></span> <span class='ocrx_word' id='word_1_208' title='bbox 633 3263 705 3335; x_wconf 86' lang='lat' dir='ltr'><strong>qnid</strong></span> <span class='ocrx_word' id='word_1_209' title='bbox 715 3263 797 3319; x_wconf 86' lang='lat' dir='ltr'><strong>obest</strong></span> <span class='ocrx_word' id='word_1_210' title='bbox 810 3263 950 3331; x_wconf 80' lang='lat' dir='ltr'><strong>forme,si</strong></span> <span class='ocrx_word' id='word_1_211' title='bbox 959 3261 1200 3335; x_wconf 83' lang='lat' dir='ltr'><strong>quispudicitiana</strong></span> <span class='ocrx_word' id='word_1_212' title='bbox 1214 3263 1340 3319; x_wconf 85' lang='lat' dir='ltr'><strong>retinere</strong></span> <span class='ocrx_word' id='word_1_213' title='bbox 1352 3281 1422 3318; x_wconf 89' lang='lat' dir='ltr'><strong>ona·</strong></span> 
     </span>
     <span class='ocr_line' id='line_1_28' title="bbox 350 3352 1421 3429; baseline 0.003 -20"><span class='ocrx_word' id='word_1_214' title='bbox 350 3353 422 3410; x_wconf 90' lang='lat' dir='ltr'><strong>nino</strong></span> <span class='ocrx_word' id='word_1_215' title='bbox 429 3352 596 3408; x_wconf 86' lang='lat' dir='ltr'><strong>decreverit.</strong></span> <span class='ocrx_word' id='word_1_216' title='bbox 605 3355 823 3411; x_wconf 82' lang='lat' dir='ltr'><strong>-Decreverat</strong></span> <span class='ocrx_word' id='word_1_217' title='bbox 832 3355 909 3411; x_wconf 92' lang='lat' dir='ltr'><strong>istud</strong></span> <span class='ocrx_word' id='word_1_218' title='bbox 916 3354 1034 3428; x_wconf 91' lang='lat' dir='ltr'><strong>quidem</strong></span> <span class='ocrx_word' id='word_1_219' title='bbox 1047 3354 1237 3429; x_wconf 56' lang='lat' dir='ltr'><strong>Hippolytum</strong></span> <span class='ocrx_word' id='word_1_220' title='bbox 1246 3355 1421 3412; x_wconf 83' lang='lat' dir='ltr'><strong>decreverat</strong></span> 
     </span>
     <span class='ocr_line' id='line_1_29' title="bbox 349 3443 1421 3520; baseline 0 -20"><span class='ocrx_word' id='word_1_221' title='bbox 349 3444 559 3517; x_wconf 88' lang='lat' dir='ltr'><strong>Bellerophon;</strong></span> <span class='ocrx_word' id='word_1_222' title='bbox 569 3461 655 3517; x_wconf 85' lang='lat' dir='ltr'><strong>quarn</strong></span> <span class='ocrx_word' id='word_1_223' title='bbox 665 3446 799 3520; x_wconf 81' lang='lat' dir='ltr'><strong>gravibus</strong></span> <span class='ocrx_word' id='word_1_224' title='bbox 810 3458 932 3519; x_wconf 85' lang='lat' dir='ltr'><strong>uterque</strong></span> <span class='ocrx_word' id='word_1_225' title='bbox 943 3443 1130 3502; x_wconf 85' lang='lat' dir='ltr'><strong>nibilominus</strong></span> <span class='ocrx_word' id='word_1_226' title='bbox 1139 3445 1272 3519; x_wconf 86' lang='lat' dir='ltr'><strong>perieulis</strong></span> <span class='ocrx_word' id='word_1_227' title='bbox 1281 3457 1311 3501; x_wconf 91' lang='lat' dir='ltr'><strong>et</strong></span> <span class='ocrx_word' id='word_1_228' title='bbox 1320 3445 1421 3502; x_wconf 86' lang='lat' dir='ltr'><strong>exitiis</strong></span> 
     </span>
     <span class='ocr_line' id='line_1_30' title="bbox 350 3535 1421 3612; baseline 0.002 -20"><span class='ocrx_word' id='word_1_229' title='bbox 350 3536 480 3608; x_wconf 85' lang='lat' dir='ltr'><strong>objectus</strong></span> <span class='ocrx_word' id='word_1_230' title='bbox 490 3537 544 3592; x_wconf 90' lang='lat' dir='ltr'><strong>estl</strong></span> <span class='ocrx_word' id='word_1_231' title='bbox 558 3535 675 3592; x_wconf 73' lang='lat' dir='ltr'><strong>Phaedra</strong></span> <span class='ocrx_word' id='word_1_232' title='bbox 686 3555 716 3592; x_wconf 85' lang='lat' dir='ltr'><strong>se</strong></span> <span class='ocrx_word' id='word_1_233' title='bbox 728 3539 868 3612; x_wconf 78' lang='lat' dir='ltr'><strong>repulsam</strong></span> <span class='ocrx_word' id='word_1_234' title='bbox 884 3538 921 3594; x_wconf 86' lang='lat' dir='ltr'><strong>ab</strong></span> <span class='ocrx_word' id='word_1_235' title='bbox 936 3537 1096 3610; x_wconf 83' lang='lat' dir='ltr'><strong>Hippolyto</strong></span> <span class='ocrx_word' id='word_1_236' title='bbox 1112 3537 1227 3605; x_wconf 82' lang='lat' dir='ltr'><strong>videns,</strong></span> <span class='ocrx_word' id='word_1_237' title='bbox 1241 3548 1272 3593; x_wconf 88' lang='lat' dir='ltr'><strong>et</strong></span> <span class='ocrx_word' id='word_1_238' title='bbox 1285 3549 1421 3595; x_wconf 80' lang='lat' dir='ltr'><strong>contem·</strong></span> 
     </span>
     <span class='ocr_line' id='line_1_31' title="bbox 349 3628 1421 3705; baseline 0.002 -21"><span class='ocrx_word' id='word_1_239' title='bbox 349 3641 442 3704; x_wconf 87' lang='lat' dir='ltr'><strong>ptam,</strong></span> <span class='ocrx_word' id='word_1_240' title='bbox 455 3629 568 3703; x_wconf 86' lang='lat' dir='ltr'><strong>pudore</strong></span> <span class='ocrx_word' id='word_1_241' title='bbox 582 3628 667 3685; x_wconf 78' lang='lat' dir='ltr'><strong>simtu</strong></span> <span class='ocrx_word' id='word_1_242' title='bbox 678 3641 707 3685; x_wconf 84' lang='lat' dir='ltr'><strong>et</strong></span> <span class='ocrx_word' id='word_1_243' title='bbox 716 3631 786 3688; x_wconf 88' lang='lat' dir='ltr'><strong>odio</strong></span> <span class='ocrx_word' id='word_1_244' title='bbox 796 3632 833 3688; x_wconf 89' lang='lat' dir='ltr'><strong>ad</strong></span> <span class='ocrx_word' id='word_1_245' title='bbox 845 3630 986 3686; x_wconf 89' lang='lat' dir='ltr'><strong>ultionem</strong></span> <span class='ocrx_word' id='word_1_246' title='bbox 996 3629 1110 3685; x_wconf 76' lang='lat' dir='ltr'><strong>exarsit.</strong></span> <span class='ocrx_word' id='word_1_247' title='bbox 1122 3633 1182 3685; x_wconf 87' lang='lat' dir='ltr'><strong>Nec</strong></span> <span class='ocrx_word' id='word_1_248' title='bbox 1195 3630 1319 3686; x_wconf 81' lang='lat' dir='ltr'><strong>leviores</strong></span> <span class='ocrx_word' id='word_1_249' title='bbox 1327 3649 1421 3705; x_wconf 85' lang='lat' dir='ltr'><strong>quana</strong></span> 
     </span>
     <span class='ocr_line' id='line_1_32' title="bbox 348 3719 1421 3798; baseline 0.003 -22"><span class='ocrx_word' id='word_1_250' title='bbox 348 3719 467 3776; x_wconf 72' lang='lat' dir='ltr'><strong>Phaedra</strong></span> <span class='ocrx_word' id='word_1_251' title='bbox 480 3720 613 3794; x_wconf 86' lang='lat' dir='ltr'><strong>concepit</strong></span> <span class='ocrx_word' id='word_1_252' title='bbox 626 3721 682 3777; x_wconf 84' lang='lat' dir='ltr'><strong>iras</strong></span> <span class='ocrx_word' id='word_1_253' title='bbox 695 3723 880 3790; x_wconf 82' lang='lat' dir='ltr'><strong>Sthenobaea,</strong></span> <span class='ocrx_word' id='word_1_254' title='bbox 895 3720 1127 3793; x_wconf 74' lang='lat' dir='ltr'><strong>Bellerophontis</strong></span> <span class='ocrx_word' id='word_1_255' title='bbox 1141 3721 1287 3778; x_wconf 87' lang='lat' dir='ltr'><strong>fastidium</strong></span> <span class='ocrx_word' id='word_1_256' title='bbox 1302 3733 1331 3778; x_wconf 90' lang='lat' dir='ltr'><strong>et</strong></span> <span class='ocrx_word' id='word_1_257' title='bbox 1346 3741 1421 3798; x_wconf 88' lang='lat' dir='ltr'><strong>pro-</strong></span> 
     </span>
     <span class='ocr_line' id='line_1_33' title="bbox 349 3813 1421 3888; baseline 0 -18"><span class='ocrx_word' id='word_1_258' title='bbox 349 3813 468 3870; x_wconf 86' lang='lat' dir='ltr'><strong>bitatem</strong></span> <span class='ocrx_word' id='word_1_259' title='bbox 485 3831 545 3868; x_wconf 94' lang='lat' dir='ltr'><strong>non</strong></span> <span class='ocrx_word' id='word_1_260' title='bbox 558 3813 652 3870; x_wconf 78' lang='lat' dir='ltr'><strong>ferens</strong></span> <span class='ocrx_word' id='word_1_261' title='bbox 666 3837 673 3870; x_wconf 75' lang='grc' dir='ltr'><strong>ι</strong></span> <span class='ocrx_word' id='word_1_262' title='bbox 688 3815 784 3888; x_wconf 84' lang='lat' dir='ltr'><strong>itaque</strong></span> <span class='ocrx_word' id='word_1_263' title='bbox 802 3813 893 3868; x_wconf 73' lang='lat' dir='ltr'><strong>ambe</strong></span> <span class='ocrx_word' id='word_1_264' title='bbox 907 3813 945 3868; x_wconf 89' lang='lat' dir='ltr'><strong>ad</strong></span> <span class='ocrx_word' id='word_1_265' title='bbox 962 3813 1184 3870; x_wconf 73' lang='lat' dir='ltr'><strong>castissimorum</strong></span> <span class='ocrx_word' id='word_1_266' title='bbox 1199 3814 1421 3870; x_wconf 81' lang='lat' dir='ltr'><strong>adolescentum</strong></span> 
     </span>
     <span class='ocr_line' id='line_1_34' title="bbox 349 3903 1420 3981; baseline 0.003 -21"><span class='ocrx_word' id='word_1_267' title='bbox 349 3903 507 3981; x_wconf 87' lang='lat' dir='ltr'><strong>perniciem</strong></span> <span class='ocrx_word' id='word_1_268' title='bbox 526 3905 594 3960; x_wconf 89' lang='lat' dir='ltr'><strong>totis</strong></span> <span class='ocrx_word' id='word_1_269' title='bbox 614 3905 715 3962; x_wconf 86' lang='lat' dir='ltr'><strong>animis</strong></span> <span class='ocrx_word' id='word_1_270' title='bbox 730 3904 932 3962; x_wconf 82' lang='lat' dir='ltr'><strong>incubuerunt.</strong></span> <span class='ocrx_word' id='word_1_271' title='bbox 952 3905 1031 3960; x_wconf 83' lang='lat' dir='ltr'><strong>Nihil</strong></span> <span class='ocrx_word' id='word_1_272' title='bbox 1051 3914 1093 3960; x_wconf 86' lang='lat' dir='ltr'><strong>est</strong></span> <span class='ocrx_word' id='word_1_273' title='bbox 1110 3905 1232 3963; x_wconf 87' lang='lat' dir='ltr'><strong>muliere</strong></span> <span class='ocrx_word' id='word_1_274' title='bbox 1247 3905 1420 3976; x_wconf 86' lang='lat' dir='ltr'><strong>crudelius,</strong></span> 
     </span>
     <span class='ocr_line' id='line_1_35' title="bbox 349 3995 1421 4072; baseline 0.002 -20"><span class='ocrx_word' id='word_1_275' title='bbox 349 4015 440 4072; x_wconf 86' lang='lat' dir='ltr'><strong>quum</strong></span> <span class='ocrx_word' id='word_1_276' title='bbox 450 3997 487 4052; x_wconf 91' lang='lat' dir='ltr'><strong>ad</strong></span> <span class='ocrx_word' id='word_1_277' title='bbox 498 3995 598 4051; x_wconf 90' lang='lat' dir='ltr'><strong>odiurn</strong></span> <span class='ocrx_word' id='word_1_278' title='bbox 614 3997 711 4071; x_wconf 87' lang='lat' dir='ltr'><strong>pudor</strong></span> <span class='ocrx_word' id='word_1_279' title='bbox 721 4007 750 4052; x_wconf 89' lang='lat' dir='ltr'><strong>et</strong></span> <span class='ocrx_word' id='word_1_280' title='bbox 768 3995 889 4052; x_wconf 74' lang='lat' dir='ltr'><strong>infamia·</strong></span> <span class='ocrx_word' id='word_1_281' title='bbox 907 4006 999 4054; x_wconf 88' lang='lat' dir='ltr'><strong>metus</strong></span> <span class='ocrx_word' id='word_1_282' title='bbox 1016 3995 1140 4050; x_wconf 65' lang='lat' dir='ltr'><strong>accesit.</strong></span> <span class='ocrx_word' id='word_1_283' title='bbox 1156 4000 1235 4071; x_wconf 79' lang='lat' dir='ltr'><strong>Age,</strong></span> <span class='ocrx_word' id='word_1_284' title='bbox 1250 3999 1323 4072; x_wconf 88' lang='lat' dir='ltr'><strong>qnid</strong></span> <span class='ocrx_word' id='word_1_285' title='bbox 1340 4017 1421 4055; x_wconf 88' lang='lat' dir='ltr'><strong>cora-</strong></span> 
     </span>
     <span class='ocr_line' id='line_1_36' title="bbox 348 4086 1422 4163; baseline 0 -16"><span class='ocrx_word' id='word_1_286' title='bbox 348 4089 405 4147; x_wconf 86' lang='lat' dir='ltr'><strong>silii</strong></span> <span class='ocrx_word' id='word_1_287' title='bbox 421 4089 591 4162; x_wconf 86' lang='lat' dir='ltr'><strong>capiendum</strong></span> <span class='ocrx_word' id='word_1_288' title='bbox 607 4109 667 4146; x_wconf 87' lang='lat' dir='ltr'><strong>esse</strong></span> <span class='ocrx_word' id='word_1_289' title='bbox 685 4100 765 4163; x_wconf 83' lang='lat' dir='ltr'><strong>putas</strong></span> <span class='ocrx_word' id='word_1_290' title='bbox 783 4087 873 4156; x_wconf 86' lang='lat' dir='ltr'><strong>sttio,</strong></span> <span class='ocrx_word' id='word_1_291' title='bbox 890 4087 936 4142; x_wconf 90' lang='lat' dir='ltr'><strong>cui</strong></span> <span class='ocrx_word' id='word_1_292' title='bbox 955 4086 1064 4142; x_wconf 90' lang='lat' dir='ltr'><strong>nubere</strong></span> <span class='ocrx_word' id='word_1_293' title='bbox 1082 4087 1201 4143; x_wconf 66' lang='lat' dir='ltr'><strong>Caesaris</strong></span> <span class='ocrx_word' id='word_1_294' title='bbox 1217 4107 1295 4147; x_wconf 86' lang='lat' dir='ltr'><strong>uxor</strong></span> <span class='ocrx_word' id='word_1_295' title='bbox 1308 4092 1422 4148; x_wconf 85' lang='lat' dir='ltr'><strong>consti-</strong></span> 
     </span>
     <span class='ocr_line' id='line_1_37' title="bbox 350 4180 1422 4258; baseline 0.002 -20"><span class='ocrx_word' id='word_1_296' title='bbox 350 4181 423 4238; x_wconf 82' lang='lat' dir='ltr'><strong>tuit?</strong></span> <span class='ocrx_word' id='word_1_297' title='bbox 437 4180 611 4240; x_wconf 79' lang='lat' dir='ltr'><strong>Adolescens</strong></span> <span class='ocrx_word' id='word_1_298' title='bbox 622 4181 738 4258; x_wconf 75' lang='lat' dir='ltr'><strong>egregie</strong></span> <span class='ocrx_word' id='word_1_299' title='bbox 749 4181 875 4256; x_wconf 85' lang='lat' dir='ltr'><strong>probus,</strong></span> <span class='ocrx_word' id='word_1_300' title='bbox 887 4180 1045 4252; x_wconf 78' lang='lat' dir='ltr'><strong>formosus,</strong></span> <span class='ocrx_word' id='word_1_301' title='bbox 1055 4180 1162 4238; x_wconf 82' lang='lat' dir='ltr'><strong>nobilis</strong></span> <span class='ocrx_word' id='word_1_302' title='bbox 1172 4193 1203 4238; x_wconf 90' lang='lat' dir='ltr'><strong>et</strong></span> <span class='ocrx_word' id='word_1_303' title='bbox 1215 4184 1339 4256; x_wconf 87' lang='lat' dir='ltr'><strong>patricio</strong></span> <span class='ocrx_word' id='word_1_304' title='bbox 1349 4186 1422 4242; x_wconf 85' lang='lat' dir='ltr'><strong>loeo</strong></span> 
     </span>
    </p>
   </div>
   <div class='ocr_carea' id='block_1_4' title="bbox 0 0 1542 4990">
    <p class='ocr_par' dir='ltr' id='par_1_13' title="bbox 0 0 1542 4990">
     <span class='ocr_line' id='line_1_38' title="bbox 0 0 1542 4990; baseline 0 0"><span class='ocrx_word' id='word_1_305' title='bbox 0 0 1542 4990; x_wconf 95' lang='lat' dir='ltr'><strong> </strong></span> 
     </span>
    </p>
   </div>
  </div>
 </body>
</html>
