3030 4984
381 451 568 520 SATIRA
590 451 787 520 DECIMA
808 455 1000 524 TERTIA.
1158 455 1220 538 245

158 549 335 661 Epregium
349 583 568 662 sanctumque
583 568 694 637 virum
711 568 738 635 si
752 593 870 654 cerno,
888 569 1064 641 bimembri

153 675 227 743 Hoc
239 692 429 747 monstrum
444 702 564 772 puem,
580 692 638 747 cut
652 676 786 748 miranti
800 681 862 748 sub
876 696 988 751 aratro
1188 693 1222 746 65

154 781 302 853 Piscibus
317 785 476 872 inventis,
494 801 528 856 et
545 785 621 856 fetoe
640 811 801 881 comparo
818 787 934 874 mulae,

153 891 338 983 Sollicitus,
356 911 525 992 tamquam
541 896 664 992 lapides
679 896 836 967 effuderit
850 899 967 986 imber,

152 1005 345 1074 Examenve
364 1007 477 1102 epium
496 1005 596 1102 longa
614 1007 803 1084 consederit
820 1033 886 1078 uva

154 1111 311 1184 Culmine
326 1112 472 1203 delubri,
489 1132 656 1210 tamquam
673 1118 708 1186 in
724 1142 814 1187 mare
827 1118 962 1190 fluxerit
976 1119 1082 1189 amnis

154 1223 358 1317 Gurgitibus
370 1225 462 1295 miris
477 1239 510 1294 et
524 1222 617 1295 lactis
631 1228 759 1297 vortice
774 1244 915 1300 torrens.
1191 1217 1226 1314 jo

201 1335 397 1430 Intercepta
410 1335 522 1405 decem
541 1334 689 1430 quereris
704 1339 853 1407 sestertia
870 1338 988 1409 fraude

154 1441 348 1537 Sacrilego?
364 1444 472 1534 Quid,
488 1444 515 1513 si
530 1444 581 1514 bis
594 1459 730 1514 centum
744 1447 891 1541 perdidit
905 1447 988 1519 alter

152 1553 231 1622 Hoc
242 1575 364 1621 arcana
376 1552 499 1622 modo?
514 1553 675 1648 majorem
693 1557 810 1624 tertius
826 1553 881 1624 illa

152 1661 345 1748 Summam,
362 1687 465 1756 quam
480 1661 601 1757 patulae
617 1666 672 1734 vix
689 1681 821 1760 ceperat
835 1665 977 1762 angulus
993 1663 1103 1736 arcae?

152 1773 240 1841 Tam
255 1770 352 1844 facile
366 1788 399 1843 et
412 1799 557 1868 pronum
572 1791 623 1846 est
638 1801 777 1870 superos
790 1792 1003 1847 contemnere
1018 1789 1131 1860 testes,
1188 1785 1221 1858 7⁵

153 1881 188 1949 Si
204 1881 354 1952 mortalis
369 1882 460 1951 idem
474 1908 575 1954 nemo
591 1885 691 1957 sciat!
709 1888 854 1982 Adspice
866 1901 993 1982 quanta

153 1992 247 2060 Voce
265 1991 388 2088 neget?
402 2018 476 2087 quae
491 1993 535 2064 sit
553 1995 624 2065 licti
638 1997 823 2066 constantia
839 1995 970 2066 vultus?

154 2104 218 2170 Per
229 2101 317 2172 Solis
328 2102 453 2188 radios,
467 2105 674 2199 Tarpeiaque
688 2104 828 2176 culmina
838 2106 948 2198 jurat,

152 2213 199 2280 Et
213 2213 332 2281 Martis
350 2211 530 2300 frameam,
550 2230 584 2286 et
597 2215 739 2285 Cirrhaei
754 2211 880 2307 spicula
894 2216 992 2300 vatis,

151 2323 218 2391 Per
232 2320 375 2392 calamos
389 2323 568 2394 venatricis
582 2324 841 2418 pharetramque
854 2322 986 2412 Puellae,
1188 2339 1223 2394 8ο

154 2525 297 2601 expietur.
307 2529 369 2605 Ego
379 2528 514 2604 quidem,
525 2547 615 2604 quum
623 2525 720 2586 virum
729 2529 782 2587 huc
790 2530 901 2590 virtute
908 2539 936 2588 et
947 2527 1005 2589 lide
1014 2526 1166 2605 praeditum
1176 2527 1223 2584 in-

152 2630 252 2690 tueor,
270 2619 369 2678 ridere
386 2620 459 2678 mihi
479 2620 581 2677 videor
598 2619 736 2678 infantem
753 2623 891 2680 membris
908 2623 1014 2698 partim
1030 2621 1129 2678 ferinis
1150 2639 1222 2678 con-

151 2722 275 2769 stant·-
282 2723 348 2782 ,ant
357 2712 448 2789 pisces
462 2713 498 2770 eb
509 2712 634 2770 attonito
646 2713 773 2790 agricola
785 2715 817 2770 in
825 2734 897 2792 agro
910 2725 1066 2791 quemcrat
1078 2713 1222 2782 inventos,

150 2815 204 2862 ant
221 2805 330 2862 mulam
343 2805 512 2882 gravidum:
527 2824 580 2862 nec
593 2805 688 2866 minus
705 2806 749 2863 rei
761 2806 891 2864 novitate
905 2807 1087 2883 perturbor,
1098 2823 1183 2880 quam
1199 2804 1223 2861 si

151 2895 271 2974 pluisset
283 2897 442 2973 lapidibus,
453 2907 504 2955 aut
516 2916 604 2974 epum
615 2917 748 2972 acmen,
762 2900 856 2961 instar.
864 2899 984 2976 oblongi
995 2897 1101 2955 racemi
1115 2894 1224 2954 confla-

152 3003 231 3063 tum,
245 2989 278 3046 in
296 2990 398 3066 templi
415 2990 573 3066 cujuspiam
587 2990 701 3066 fastigio
714 2990 904 3061 consedisset,
917 3001 967 3047 aut
987 3002 1101 3048 torrens
1116 2987 1224 3045 flumen

151 3101 261 3160 magno
282 3081 395 3159 impetu
408 3082 440 3138 in
459 3101 539 3140 mare
555 3092 737 3158 portentosas
754 3081 900 3160 sauguinis
917 3092 947 3141 et
965 3081 1046 3138 lactis
1064 3081 1156 3138 undas
1173 3079 1222 3138 de·

153 3177 295 3232 solveret.

197 3287 241 3338 71·
262 3266 457 3346 Ingemiscis,
472 3267 554 3342 quod
575 3285 629 3344 per
649 3265 767 3346 impiam
784 3269 916 3328 fraudem
925 3269 1028 3326 'ablata
1044 3267 1151 3325 fuerint
1168 3265 1222 3321 tibi

156 3360 255 3417 decem
277 3359 413 3426 sestertia
429 3359 523 3434 :quid
540 3359 629 3438 igitur
650 3360 1037 3432 &cousummationis
1060 3358 1224 3435 quempiam

154 3451 278 3510 ducenta
301 3451 433 3510 sestertia
451 3450 552 3508 itidem
574 3451 715 3523 amisisse,
735 3473 799 3528 quae
820 3452 952 3510 similiter
972 3449 1089 3508 alterius
1109 3448 1177 3506 fidei
1195 3458 1225 3504 et

153 3546 290 3603 custodiae
303 3547 377 3604 clam
393 3555 421 3602 et
436 3543 496 3602 sine
509 3545 627 3602 testibus
642 3545 843 3602 commiserat?
858 3545 890 3603 Si
899 3543 994 3601 videos
1004 3543 1120 3600 tertium
1127 3542 1224 3616 plures

152 3637 261 3713 pariter
269 3655 404 3696 nummos
410 3634 584 3713 perdidisse,
594 3635 646 3712 qui
654 3636 702 3692 vix
714 3636 745 3694 in
755 3636 962 3714 ingentisarcae
973 3635 1079 3710 ungulo
1091 3644 1225 3710 poterunt

154 3729 319 3788 contineri?
334 3730 418 3787 Adeo
435 3727 518 3787 facile
539 3738 568 3786 ct
590 3737 726 3807 prompte
742 3729 871 3786 scelerati
891 3746 946 3803 pro
966 3727 1059 3784 nihilo
1075 3727 1225 3802 pendunt,

154 3823 238 3898 quod
253 3833 335 3880 testes
345 3819 475 3897 perfidiae
490 3839 547 3878 suae
562 3830 591 3878 et
604 3821 735 3878 conscios
745 3821 868 3878 habeant
882 3822 966 3892 deos,
987 3819 1010 3878 si
1028 3821 1123 3878 nullus
1136 3820 1226 3904 horno

155 3914 286 3973 conscios
303 3915 440 3990 testisque
455 3912 505 3970 sit!
523 3914 568 3970 En
582 3912 630 3970 ille
643 3913 778 3990 perjurus
793 3913 981 3990 ceperimus,
997 3933 1083 3990 quarn
1096 3912 1182 3973 firmo
1198 3926 1227 3971 ct

155 4019 252 4066 erecto
269 4009 369 4080 vultu,
390 4027 475 4083 quam
487 4007 597 4064 intenta
607 4026 680 4066 voce
698 4007 860 4085 depositum
876 4008 1016 4084 abnegat?
1036 4007 1129 4084 aspice
1142 4027 1226 4064 men-

156 4101 268 4158 daceml
280 4102 367 4158 Iurat
375 4118 429 4176 per
439 4100 507 4157 solis
517 4098 624 4171 radios,
637 4118 690 4176 per
698 4103 803 4159 Jovcm
812 4101 1027 4172 fulminantem,
1039 4119 1093 4176 per
1103 4103 1227 4158 Martem

154 4209 236 4266 ense,
244 4191 408 4276 Apollinem
418 4191 518 4268 jaculis
529 4193 718 4268 instructum,
732 4212 786 4274 per
798 4195 917 4255 Dianam
931 4195 1065 4270 pharetra
1079 4202 1107 4250 et
1118 4191 1233 4267 sagittis¹
