2992 4984
336 427 512 494 SATIRA
534 425 724 492 DECIMA
747 427 946 508 QUARTA.
1114 425 1177 510 319

109 543 219 610 Sensit
230 539 433 628 Alexander,
446 556 530 611 testa
545 566 650 636 quum
667 539 754 609 vidit
770 541 804 608 in
820 537 876 608 illa

107 657 272 747 Magnum
285 653 530 739 habitatorem,
550 667 678 747 quanto
693 648 823 720 felicior
835 651 909 737 hic,
927 651 986 744 qui
1097 674 1102 682 ·

106 761 159 832 Nil
180 776 340 856 cuperet,
358 787 459 857 quam
481 762 541 858 qui
559 776 669 830 totum
687 760 750 829 sibi
769 776 926 853 posceret
939 760 1074 848 orbem,

105 875 264 944 Passurus
279 874 380 969 gestis
395 873 559 968 aequanda
571 870 722 968 pericula
735 873 845 943 rebus.
902 937 904 946 .

149 980 297 1054 Nullum
310 1008 438 1052 numen
451 984 570 1068 habes,
585 983 612 1052 si
625 983 668 1051 sit
682 979 862 1075 prudentia
877 1007 886 1051 τ
904 1005 967 1052 nos
979 995 1029 1068 te,
1129 997 1179 1052 315

105 1094 173 1162 Nos
190 1090 353 1178 facimus,
370 1095 538 1179 Fortuna,
553 1095 682 1162 Deam:
699 1114 857 1158 mensura
874 1105 985 1160 tamen
998 1115 1072 1186 quae

104 1201 257 1274 Sufficiat
269 1228 410 1292 census,
428 1205 456 1273 si
472 1204 617 1299 quisine
631 1199 798 1284 consulat,
818 1202 915 1272 edam
931 1227 939 1271 :

104 1315 141 1380 ln
157 1328 328 1406 quantum
343 1314 413 1384 sitis
427 1328 528 1408 atque
541 1313 645 1382 fames
660 1326 693 1380 et
705 1310 836 1407 frigora
849 1326 1007 1407 poscunt,

103 1423 293 1512 Quantum,
304 1423 474 1518 Epicure,
489 1423 551 1493 tihi
567 1423 680 1519 parvis
694 1420 832 1491 suffecit
842 1422 878 1490 in
893 1421 1015 1508 hortis,

103 1531 279 1620 Quantum
293 1534 458 1604 Socratici
473 1549 640 1629 ceperunt
655 1549 733 1602 ante
750 1547 899 1629 penates.
1127 1548 1179 1603 3²⁰

106 1645 301 1738 Numquam
315 1642 406 1713 aliud
418 1647 568 1732 Natura,
583 1643 673 1714 aliud
685 1643 855 1738 Sapientia
868 1642 961 1712 dicit.

106 1753 244 1822 Acribus
263 1752 428 1847 exemplis
447 1752 564 1822 videor
580 1767 614 1822 te
631 1753 804 1824 claudere:
819 1753 922 1822 misce

105 1866 190 1956 Ergo
208 1863 340 1956 aliquid
355 1863 480 1932 nostris
496 1863 538 1932 de
552 1866 721 1949 moribus3
741 1863 838 1932 effice
852 1887 1034 1949 summam,

107 1974 155 2040 Bis
172 1987 306 2067 septem
323 1972 497 2042 ordinibus
517 1998 617 2069 quam
634 1972 686 2043 lex
701 1972 862 2068 dignatur
875 1973 1031 2044 Othonis.

106 2085 179 2152 ttaec
192 2107 333 2177 quoque
350 2082 378 2150 si
394 2107 513 2176 rugam
527 2084 631 2152 trahit
645 2081 865 2176 extenditque
877 2080 1054 2170 labellum;
1129 2099 1179 2153 325

106 2197 201 2262 Sume
217 2193 309 2261 duos
323 2193 479 2284 Equites,
499 2191 551 2261 fae
567 2193 667 2261 tertia
681 2191 936 2286 quadringenta.

109 2427 215 2485 easdem
222 2429 379 2500 resarciet,
390 2428 521 2503 partibus
529 2427 651 2503 plumbo
662 2447 779 2484 rursum
791 2427 856 2502 conj
861 2428 953 2484 unctis
965 2439 995 2484 et
1006 2432 1180 2507 compositis.

17 2581 20 2592 ,
109 2521 166 2578 Ubi
179 2522 344 2579 Alexander
354 2522 433 2578 hunc
443 2520 649 2596 philosophum
663 2531 790 2598 angustae
803 2529 880 2576 testae
896 2519 1044 2598 ingentem
1057 2525 1182 2582 incolam

108 2613 248 2689 adspexit,
264 2625 335 2671 tunc
350 2615 484 2689 profecto
502 2612 663 2684 intellexit,
680 2624 791 2688 quanto
810 2613 954 2690 insignior
971 2627 1044 2672 esset
1057 2617 1182 2676 hominis

109 2704 175 2760 nihil
188 2705 380 2764 desiderantis
391 2703 527 2776 felicitas,
543 2723 630 2778 quam
647 2703 707 2779 ejus
715 2746 724 2777 ,
739 2706 792 2781 qui
805 2705 894 2762 totius
908 2707 988 2763 orbis
1002 2708 1182 2767 dominatum

108 2798 241 2869 ambiret,
258 2817 291 2853 ac
306 2796 392 2854 simul
406 2815 472 2854 cum
487 2815 586 2854 rerum
604 2808 749 2873 gestarum
766 2798 861 2875 gloria
882 2800 1078 2875 periculorum
1101 2823 1185 2862 acer¹

108 2891 219 2949 bitatem
248 2891 422 2966 adaequaret.

144 2983 208 3043 315.
231 2985 349 3041 Nullam
364 2982 425 3040 vim
438 2981 544 3052 habes,
561 2981 708 3054 Fortuna,
729 2981 754 3038 si
776 2982 852 3039 adsit
869 2986 1046 3059 prudentia,
1066 3008 1120 3046 uos
1140 3001 1184 3047 et-

110 3077 179 3134 enim
196 3079 257 3135 soli
274 3094 386 3147 snmus,
403 3075 456 3151 qui
473 3085 501 3131 te
516 3074 548 3130 in
566 3073 689 3130 deorum
710 3093 833 3132 numero
849 3077 1030 3136 collocemus.
1053 3082 1141 3151 Quod
1159 3084 1183 3140 si

111 3167 166 3243 quis
181 3180 281 3225 tamen
294 3167 428 3243 exquirat
443 3185 458 3221 a
475 3185 540 3238 me,
559 3186 623 3241 quae
639 3165 763 3226 sufficiat
775 3187 910 3226 mensura
925 3171 1047 3247 opibus,
1067 3175 1181 3232 dicam:

112 3280 140 3317 ea
159 3282 223 3338 quae
250 3261 288 3318 ad
315 3258 544 3336 propulsandam
565 3259 692 3331 famem,
714 3258 809 3331 sitim,
834 3261 926 3338 frigus
947 3268 1104 3324 necessaria
1125 3280 1182 3346 est3

110 3374 166 3430 qua
184 3354 254 3411 satis
272 3353 416 3429 Epicuro,
430 3351 478 3408 cui
489 3351 600 3408 victum
616 3352 719 3408 hortus
735 3353 896 3427 praebebat,
913 3356 981 3429 fuit3
998 3378 1084 3435 quam
1100 3373 1181 3419 antea

110 3447 236 3504 Socrates
256 3445 434 3521 possidebat.
457 3443 567 3500 Eadem
584 3463 697 3520 semper
715 3446 861 3521 sapientiae
876 3467 935 3504 vox
951 3461 980 3507 et
997 3463 1106 3510 naturae
1122 3466 1181 3526 est,

111 3537 203 3597 eadem
228 3541 286 3596 lex.
306 3538 439 3596 Videbor
463 3537 518 3593 tibi
544 3536 665 3594 fortasse
687 3539 786 3614 paullo
807 3541 951 3612 severior,
978 3543 1029 3618 qui
1050 3546 1182 3620 philoso-

110 3631 229 3706 phorum
250 3632 373 3689 istorum
389 3631 468 3687 inter
480 3631 612 3705 exempla
625 3629 701 3687 acria
718 3640 746 3688 te
763 3632 913 3690 includere
930 3635 1038 3691 velim:
1054 3646 1181 3713 tempera

112 3721 192 3800 igitur
206 3726 282 3782 hanc
296 3724 495 3794 severitatem,
516 3734 545 3780 et
561 3723 607 3779 illi
626 3723 663 3780 de
678 3724 879 3782 Romanorum
896 3727 1045 3802 opulentia
1064 3731 1181 3809 elegan-

7 3831 8 3886 ζ
112 3820 201 3896 tiaque
216 3819 351 3877 nonnihil
367 3819 492 3876 admisce
507 3840 514 3875 :
531 3838 682 3894 compara,
705 3837 759 3893 per
774 3839 821 3876 me
838 3819 922 3891 licet,
943 3840 1083 3880 summam
1102 3825 1180 3884 illam

112 3913 233 3986 pecuniae
254 3933 340 3989 quam
358 3913 439 3970 Otho
457 3913 521 3988 lege
539 3912 596 3967 lata
613 3911 670 3966 illis
688 3929 748 3967 esse
763 3910 874 3984 voluit,
892 3913 943 3986 qui
960 3915 1093 3972 sederent
1106 3938 1182 3994 qua-

114 4003 268 4062 tuordecim
286 4005 439 4062 ordinibus
460 4004 573 4061 theatro
587 4003 737 4079 proximis.
761 4003 792 4060 Si
807 4003 868 4061 haec
882 4005 936 4061 tibi
950 4006 986 4064 de
999 4029 1109 4067 summa
1120 4032 1180 4070 non

114 4093 225 4166 sufficit,
237 4097 262 4154 si
276 4116 338 4154 eam
352 4095 480 4154 utnimis
490 4107 641 4174 angustam
653 4095 738 4182 vultu
751 4095 826 4151 male
841 4107 978 4155 contento
995 4102 1117 4177 respuis,
1132 4105 1182 4158 ha-

7 4259 8 4268 *
115 4187 181 4248 beto
194 4209 260 4250 sane
271 4210 389 4250 censum
400 4191 527 4250 duorum
537 4190 681 4268 equitum,
693 4188 783 4246 immo
795 4189 892 4247 trium.
907 4193 996 4263 Quod
1015 4194 1038 4249 si
1049 4196 1180 4252 nondum
