<?xml version="1.0" encoding="UTF-8"?>
<!DOCTYPE html PUBLIC "-//W3C//DTD XHTML 1.0 Transitional//EN"
    "http://www.w3.org/TR/xhtml1/DTD/xhtml1-transitional.dtd">
<html xmlns="http://www.w3.org/1999/xhtml" xml:lang="en" lang="en">
 <head>
  <title>
</title>
<meta http-equiv="Content-Type" content="text/html;charset=utf-8" />
  <meta name='ocr-system' content='tesseract 3.04.00' />
  <meta name='ocr-capabilities' content='ocr_page ocr_carea ocr_par ocr_line ocrx_word'/>
</head>
<body>
  <div class='ocr_page' id='page_1' title='image "./sexdecimsatir02lemagoog_0378.png"; bbox 0 0 2992 4984; ppageno 0'>
   <div class='ocr_carea' id='block_1_1' title="bbox 65 409 1174 466">
    <p class='ocr_par' dir='ltr' id='par_1_1' title="bbox 65 409 1174 466">
     <span class='ocr_line' id='line_1_1' title="bbox 65 409 1174 466; baseline -0.006 -6"><span class='ocrx_word' id='word_1_1' title='bbox 65 430 1114 466; x_wconf 57' lang='lat' dir='ltr'>mmmwwwwwwvwmpwwwwwuwumvwww</span> <span class='ocrx_word' id='word_1_2' title='bbox 1169 409 1174 432; x_wconf 91' lang='lat'><em>&#39;</em></span> 
     </span>
    </p>
   </div>
   <div class='ocr_carea' id='block_1_2' title="bbox 91 691 1084 844">
    <p class='ocr_par' dir='ltr' id='par_1_2' title="bbox 91 691 1084 844">
     <span class='ocr_line' id='line_1_2' title="bbox 91 691 1084 844; baseline -0.002 -34"><span class='ocrx_word' id='word_1_3' title='bbox 91 691 721 812; x_wconf 74' lang='lat' dir='ltr'>ssrrnsuucms</span> <span class='ocrx_word' id='word_1_4' title='bbox 752 693 1084 844; x_wconf 73' lang='lat' dir='ltr'>Qururs.</span> 
     </span>
    </p>
   </div>
   <div class='ocr_carea' id='block_1_3' title="bbox 66 1207 1122 2098">
    <p class='ocr_par' dir='ltr' id='par_1_3' title="bbox 66 1207 915 1342">
     <span class='ocr_line' id='line_1_3' title="bbox 66 1207 915 1342; baseline -0.007 -34"><span class='ocrx_word' id='word_1_5' title='bbox 66 1207 152 1342; x_wconf 81' lang='lat' dir='ltr'>Qum</span> <span class='ocrx_word' id='word_1_6' title='bbox 168 1235 289 1322; x_wconf 91' lang='lat' dir='ltr'>nescit,</span> <span class='ocrx_word' id='word_1_7' title='bbox 302 1233 421 1304; x_wconf 86' lang='lat' dir='ltr'>Volusi</span> <span class='ocrx_word' id='word_1_8' title='bbox 437 1233 633 1328; x_wconf 84' lang='lat' dir='ltr'>Bithynice,</span> <span class='ocrx_word' id='word_1_9' title='bbox 653 1231 764 1328; x_wconf 87' lang='lat' dir='ltr'>qualia</span> <span class='ocrx_word' id='word_1_10' title='bbox 780 1231 915 1303; x_wconf 84' lang='lat' dir='ltr'>demens</span> 
     </span>
    </p>

    <p class='ocr_par' dir='ltr' id='par_1_4' title="bbox 66 1339 872 1443">
     <span class='ocr_line' id='line_1_4' title="bbox 66 1339 872 1443; baseline -0.007 -26"><span class='ocrx_word' id='word_1_11' title='bbox 66 1350 211 1443; x_wconf 79' lang='lat' dir='ltr'>AEgyptus</span> <span class='ocrx_word' id='word_1_12' title='bbox 228 1358 388 1442; x_wconf 84' lang='lat' dir='ltr'>portenta</span> <span class='ocrx_word' id='word_1_13' title='bbox 407 1341 518 1413; x_wconf 61' lang='lat' dir='ltr'>colat³</span> <span class='ocrx_word' id='word_1_14' title='bbox 533 1339 737 1414; x_wconf 87' lang='lat' dir='ltr'>Crocodilon</span> <span class='ocrx_word' id='word_1_15' title='bbox 753 1339 872 1411; x_wconf 84' lang='lat' dir='ltr'>adorat</span> 
     </span>
    </p>

    <p class='ocr_par' dir='ltr' id='par_1_5' title="bbox 66 1451 901 1550">
     <span class='ocr_line' id='line_1_5' title="bbox 66 1451 901 1550; baseline -0.005 -24"><span class='ocrx_word' id='word_1_16' title='bbox 66 1460 132 1528; x_wconf 85' lang='lat' dir='ltr'>Pars</span> <span class='ocrx_word' id='word_1_17' title='bbox 144 1457 231 1544; x_wconf 80' lang='lat' dir='ltr'>baec3</span> <span class='ocrx_word' id='word_1_18' title='bbox 220 1451 308 1524; x_wconf 91' lang='lat' dir='ltr'>·illa</span> <span class='ocrx_word' id='word_1_19' title='bbox 321 1468 422 1550; x_wconf 83' lang='lat' dir='ltr'>paret</span> <span class='ocrx_word' id='word_1_20' title='bbox 434 1468 580 1522; x_wconf 87' lang='lat' dir='ltr'>saturam</span> <span class='ocrx_word' id='word_1_21' title='bbox 593 1454 804 1548; x_wconf 85' lang='lat' dir='ltr'>serpentibus</span> <span class='ocrx_word' id='word_1_22' title='bbox 818 1453 901 1523; x_wconf 92' lang='lat' dir='ltr'>ibin.</span> 
     </span>
    </p>

    <p class='ocr_par' dir='ltr' id='par_1_6' title="bbox 67 1563 756 1661">
     <span class='ocr_line' id='line_1_6' title="bbox 67 1563 756 1661; baseline -0.007 -26"><span class='ocrx_word' id='word_1_23' title='bbox 67 1565 185 1661; x_wconf 83' lang='lat' dir='ltr'>Effigeis</span> <span class='ocrx_word' id='word_1_24' title='bbox 199 1565 287 1634; x_wconf 92' lang='lat' dir='ltr'>sacri</span> <span class='ocrx_word' id='word_1_25' title='bbox 304 1565 388 1632; x_wconf 90' lang='lat' dir='ltr'>nitet</span> <span class='ocrx_word' id='word_1_26' title='bbox 400 1586 499 1632; x_wconf 87' lang='lat' dir='ltr'>aurea</span> <span class='ocrx_word' id='word_1_27' title='bbox 513 1563 756 1656; x_wconf 81' lang='lat' dir='ltr'>cercopitheci,</span> 
     </span>
    </p>

    <p class='ocr_par' dir='ltr' id='par_1_7' title="bbox 66 1670 1122 1880">
     <span class='ocr_line' id='line_1_7' title="bbox 66 1670 1122 1768; baseline -0.002 -24"><span class='ocrx_word' id='word_1_28' title='bbox 66 1675 195 1744; x_wconf 89' lang='lat' dir='ltr'>Dimidio</span> <span class='ocrx_word' id='word_1_29' title='bbox 209 1675 348 1768; x_wconf 82' lang='lat' dir='ltr'>magicae</span> <span class='ocrx_word' id='word_1_30' title='bbox 362 1686 520 1740; x_wconf 90' lang='lat' dir='ltr'>resonant</span> <span class='ocrx_word' id='word_1_31' title='bbox 532 1671 590 1740; x_wconf 91' lang='lat' dir='ltr'>ubi</span> <span class='ocrx_word' id='word_1_32' title='bbox 608 1673 793 1740; x_wconf 85' lang='lat' dir='ltr'>Memnone</span> <span class='ocrx_word' id='word_1_33' title='bbox 806 1670 957 1757; x_wconf 73' lang='lat' dir='ltr'>chordae,</span> <span class='ocrx_word' id='word_1_34' title='bbox 1105 1691 1122 1742; x_wconf 87' lang='lat'>5</span> 
     </span>
     <span class='ocr_line' id='line_1_8' title="bbox 67 1782 915 1880; baseline -0.007 -25"><span class='ocrx_word' id='word_1_35' title='bbox 67 1787 159 1880; x_wconf 74' lang='lat' dir='ltr'>Atque</span> <span class='ocrx_word' id='word_1_36' title='bbox 174 1799 268 1853; x_wconf 86' lang='lat' dir='ltr'>vetus</span> <span class='ocrx_word' id='word_1_37' title='bbox 282 1783 401 1851; x_wconf 88' lang='lat' dir='ltr'>Thebe</span> <span class='ocrx_word' id='word_1_38' title='bbox 418 1796 553 1852; x_wconf 87' lang='lat' dir='ltr'>centurn</span> <span class='ocrx_word' id='word_1_39' title='bbox 564 1783 652 1876; x_wconf 86' lang='lat' dir='ltr'>jacet</span> <span class='ocrx_word' id='word_1_40' title='bbox 666 1782 786 1851; x_wconf 89' lang='lat' dir='ltr'>obruta</span> <span class='ocrx_word' id='word_1_41' title='bbox 800 1783 915 1876; x_wconf 90' lang='lat' dir='ltr'>portis.</span> 
     </span>
    </p>

    <p class='ocr_par' dir='ltr' id='par_1_8' title="bbox 68 1889 793 1987">
     <span class='ocr_line' id='line_1_9' title="bbox 68 1889 793 1987; baseline -0.004 -23"><span class='ocrx_word' id='word_1_42' title='bbox 68 1894 127 1964; x_wconf 93' lang='lat' dir='ltr'>lllic</span> <span class='ocrx_word' id='word_1_43' title='bbox 141 1892 314 1981; x_wconf 81' lang='lat' dir='ltr'>caemleos,</span> <span class='ocrx_word' id='word_1_44' title='bbox 329 1891 385 1962; x_wconf 92' lang='lat' dir='ltr'>hic</span> <span class='ocrx_word' id='word_1_45' title='bbox 400 1892 523 1987; x_wconf 86' lang='lat' dir='ltr'>piscem</span> <span class='ocrx_word' id='word_1_46' title='bbox 538 1891 706 1979; x_wconf 80' lang='lat' dir='ltr'>fluminis,</span> <span class='ocrx_word' id='word_1_47' title='bbox 724 1889 793 1961; x_wconf 93' lang='lat' dir='ltr'>illic</span> 
     </span>
    </p>

    <p class='ocr_par' dir='ltr' id='par_1_9' title="bbox 70 2002 918 2098">
     <span class='ocr_line' id='line_1_10' title="bbox 70 2002 918 2098; baseline 0.001 -25"><span class='ocrx_word' id='word_1_48' title='bbox 70 2004 183 2098; x_wconf 84' lang='lat' dir='ltr'>Oppida</span> <span class='ocrx_word' id='word_1_49' title='bbox 195 2017 265 2074; x_wconf 86' lang='lat' dir='ltr'>tota</span> <span class='ocrx_word' id='word_1_50' title='bbox 280 2027 398 2074; x_wconf 90' lang='lat' dir='ltr'>canem</span> <span class='ocrx_word' id='word_1_51' title='bbox 412 2016 630 2089; x_wconf 65' lang='lat' dir='ltr'>venerantum</span> <span class='ocrx_word' id='word_1_52' title='bbox 648 2027 748 2072; x_wconf 90' lang='lat' dir='ltr'>nemo</span> <span class='ocrx_word' id='word_1_53' title='bbox 761 2002 918 2074; x_wconf 84' lang='lat' dir='ltr'>Dianam.</span> 
     </span>
    </p>
   </div>
   <div class='ocr_carea' id='block_1_4' title="bbox 70 2110 1123 2536">
    <p class='ocr_par' dir='ltr' id='par_1_10' title="bbox 70 2110 953 2208">
     <span class='ocr_line' id='line_1_11' title="bbox 70 2110 953 2208; baseline 0.002 -28"><span class='ocrx_word' id='word_1_54' title='bbox 70 2115 190 2182; x_wconf 90' lang='lat' dir='ltr'>Porrum</span> <span class='ocrx_word' id='word_1_55' title='bbox 207 2128 241 2183; x_wconf 90' lang='lat' dir='ltr'>et</span> <span class='ocrx_word' id='word_1_56' title='bbox 256 2139 350 2208; x_wconf 82' lang='lat' dir='ltr'>caepe</span> <span class='ocrx_word' id='word_1_57' title='bbox 363 2111 458 2181; x_wconf 87' lang='lat' dir='ltr'>nefas</span> <span class='ocrx_word' id='word_1_58' title='bbox 469 2110 595 2181; x_wconf 87' lang='lat' dir='ltr'>violare</span> <span class='ocrx_word' id='word_1_59' title='bbox 610 2127 644 2181; x_wconf 89' lang='lat' dir='ltr'>et</span> <span class='ocrx_word' id='word_1_60' title='bbox 656 2111 812 2208; x_wconf 81' lang='lat' dir='ltr'>frangere</span> <span class='ocrx_word' id='word_1_61' title='bbox 828 2138 953 2184; x_wconf 85' lang='lat' dir='ltr'>morsu.</span> 
     </span>
    </p>

    <p class='ocr_par' dir='ltr' id='par_1_11' title="bbox 70 2221 1123 2404">
     <span class='ocr_line' id='line_1_12' title="bbox 70 2221 1123 2320; baseline 0.003 -30"><span class='ocrx_word' id='word_1_62' title='bbox 70 2225 221 2294; x_wconf 85' lang='lat' dir='ltr'>Osanctas</span> <span class='ocrx_word' id='word_1_63' title='bbox 235 2237 372 2320; x_wconf 82' lang='lat' dir='ltr'>gentes,</span> <span class='ocrx_word' id='word_1_64' title='bbox 391 2222 514 2317; x_wconf 90' lang='lat' dir='ltr'>quibus</span> <span class='ocrx_word' id='word_1_65' title='bbox 533 2221 605 2291; x_wconf 80' lang='lat' dir='ltr'>haec</span> <span class='ocrx_word' id='word_1_66' title='bbox 623 2238 807 2292; x_wconf 89' lang='lat' dir='ltr'>nascuntur</span> <span class='ocrx_word' id='word_1_67' title='bbox 824 2223 860 2291; x_wconf 93' lang='lat' dir='ltr'>in</span> <span class='ocrx_word' id='word_1_68' title='bbox 876 2224 988 2294; x_wconf 89' lang='lat' dir='ltr'>hortis</span> <span class='ocrx_word' id='word_1_69' title='bbox 1092 2260 1123 2293; x_wconf 85' lang='grc' dir='ltr'>ιο</span> 
     </span>
     <span class='ocr_line' id='line_1_13' title="bbox 71 2329 842 2404; baseline -0.006 0"><span class='ocrx_word' id='word_1_70' title='bbox 71 2329 213 2404; x_wconf 83' lang='lat' dir='ltr'>Numina!</span> <span class='ocrx_word' id='word_1_71' title='bbox 233 2331 355 2402; x_wconf 85' lang='lat' dir='ltr'>lanatis</span> <span class='ocrx_word' id='word_1_72' title='bbox 368 2329 565 2401; x_wconf 89' lang='lat' dir='ltr'>animalibus</span> <span class='ocrx_word' id='word_1_73' title='bbox 579 2331 721 2399; x_wconf 89' lang='lat' dir='ltr'>abstinet</span> <span class='ocrx_word' id='word_1_74' title='bbox 733 2330 842 2399; x_wconf 92' lang='lat' dir='ltr'>omnis</span> 
     </span>
    </p>

    <p class='ocr_par' dir='ltr' id='par_1_12' title="bbox 72 2437 839 2536">
     <span class='ocr_line' id='line_1_14' title="bbox 72 2437 839 2536; baseline -0.004 -26"><span class='ocrx_word' id='word_1_75' title='bbox 72 2443 187 2530; x_wconf 86' lang='lat' dir='ltr'>Mensa;</span> <span class='ocrx_word' id='word_1_76' title='bbox 204 2442 299 2512; x_wconf 86' lang='lat' dir='ltr'>nefas</span> <span class='ocrx_word' id='word_1_77' title='bbox 317 2439 384 2511; x_wconf 93' lang='lat' dir='ltr'>illic</span> <span class='ocrx_word' id='word_1_78' title='bbox 398 2440 503 2510; x_wconf 88' lang='lat' dir='ltr'>fetum</span> <span class='ocrx_word' id='word_1_79' title='bbox 515 2438 671 2536; x_wconf 83' lang='lat' dir='ltr'>jugulare</span> <span class='ocrx_word' id='word_1_80' title='bbox 684 2437 839 2536; x_wconf 86' lang='lat' dir='ltr'>capellae:</span> 
     </span>
    </p>
   </div>
   <div class='ocr_carea' id='block_1_5' title="bbox 72 2547 942 2756">
    <p class='ocr_par' dir='ltr' id='par_1_13' title="bbox 72 2547 942 2756">
     <span class='ocr_line' id='line_1_15' title="bbox 72 2547 942 2644; baseline -0.002 -24"><span class='ocrx_word' id='word_1_81' title='bbox 72 2551 212 2621; x_wconf 76' lang='lat' dir='ltr'>umbus</span> <span class='ocrx_word' id='word_1_82' title='bbox 223 2551 384 2621; x_wconf 86' lang='lat' dir='ltr'>humanis</span> <span class='ocrx_word' id='word_1_83' title='bbox 395 2550 482 2620; x_wconf 89' lang='lat' dir='ltr'>vesci</span> <span class='ocrx_word' id='word_1_84' title='bbox 493 2547 581 2620; x_wconf 89' lang='lat' dir='ltr'>licet.</span> <span class='ocrx_word' id='word_1_85' title='bbox 594 2551 751 2620; x_wconf 87' lang='lat' dir='ltr'>Attonito</span> <span class='ocrx_word' id='word_1_86' title='bbox 768 2573 872 2644; x_wconf 91' lang='lat' dir='ltr'>quum</span> <span class='ocrx_word' id='word_1_87' title='bbox 936 2561 942 2574; x_wconf 89' lang='lat'>&#39;</span> 
     </span>
     <span class='ocr_line' id='line_1_16' title="bbox 73 2657 826 2756; baseline 0.003 -30"><span class='ocrx_word' id='word_1_88' title='bbox 73 2657 135 2728; x_wconf 85' lang='lat' dir='ltr'>Tale</span> <span class='ocrx_word' id='word_1_89' title='bbox 149 2685 242 2756; x_wconf 84' lang='lat' dir='ltr'>super</span> <span class='ocrx_word' id='word_1_90' title='bbox 255 2685 388 2730; x_wconf 89' lang='lat' dir='ltr'>coenam</span> <span class='ocrx_word' id='word_1_91' title='bbox 403 2659 532 2730; x_wconf 86' lang='lat' dir='ltr'>facinus</span> <span class='ocrx_word' id='word_1_92' title='bbox 547 2675 699 2730; x_wconf 88' lang='lat' dir='ltr'>narraret</span> <span class='ocrx_word' id='word_1_93' title='bbox 711 2658 826 2730; x_wconf 85' lang='lat' dir='ltr'>Ulixes</span> 
     </span>
    </p>
   </div>
   <div class='ocr_carea' id='block_1_6' title="bbox 240 2839 952 2923">
    <p class='ocr_par' dir='ltr' id='par_1_14' title="bbox 240 2839 952 2923">
     <span class='ocr_line' id='line_1_17' title="bbox 240 2839 952 2923; baseline 0 -10"><span class='ocrx_word' id='word_1_94' title='bbox 240 2875 354 2914; x_wconf 68' lang='grc' dir='ltr'><strong>ΒΔΤΙΙΕ</strong></span> <span class='ocrx_word' id='word_1_95' title='bbox 376 2874 497 2912; x_wconf 67' lang='grc' dir='ltr'><strong>ΜΟΙΙΒ</strong></span> <span class='ocrx_word' id='word_1_96' title='bbox 518 2873 642 2923; x_wconf 75' lang='lat' dir='ltr'>Quum</span> <span class='ocrx_word' id='word_1_97' title='bbox 662 2873 920 2916; x_wconf 67' lang='lat' dir='ltr'><strong>IMBRPRB&#39;M&#39;HO·</strong></span> <span class='ocrx_word' id='word_1_98' title='bbox 943 2839 952 2854; x_wconf 38' lang='grc' dir='ltr'><strong>ι</strong></span> 
     </span>
    </p>
   </div>
   <div class='ocr_carea' id='block_1_7' title="bbox 32 2973 1198 4249">
    <p class='ocr_par' dir='ltr' id='par_1_15' title="bbox 76 2973 1198 4249">
     <span class='ocr_line' id='line_1_18' title="bbox 106 2973 1118 3051; baseline 0.004 -21"><span class='ocrx_word' id='word_1_99' title='bbox 106 2993 126 3030; x_wconf 83' lang='grc' dir='ltr'>ι.</span> <span class='ocrx_word' id='word_1_100' title='bbox 144 2975 214 3046; x_wconf 78' lang='lat' dir='ltr'>Quis</span> <span class='ocrx_word' id='word_1_101' title='bbox 234 2975 370 3051; x_wconf 81' lang='lat' dir='ltr'>ignoret,</span> <span class='ocrx_word' id='word_1_102' title='bbox 392 2973 496 3030; x_wconf 84' lang='lat' dir='ltr'>Volusi</span> <span class='ocrx_word' id='word_1_103' title='bbox 519 2974 688 3051; x_wconf 79' lang='lat' dir='ltr'>Bithynice,</span> <span class='ocrx_word' id='word_1_104' title='bbox 712 2993 776 3051; x_wconf 77' lang='lat' dir='ltr'>qua·</span> <span class='ocrx_word' id='word_1_105' title='bbox 797 2975 949 3032; x_wconf 86' lang='lat' dir='ltr'>numinum</span> <span class='ocrx_word' id='word_1_106' title='bbox 968 2985 1118 3050; x_wconf 84' lang='lat' dir='ltr'>monstra,</span> 
     </span>
     <span class='ocr_line' id='line_1_19' title="bbox 77 3064 1115 3142; baseline 0 -18"><span class='ocrx_word' id='word_1_107' title='bbox 77 3083 143 3139; x_wconf 76' lang='lat' dir='ltr'>quem</span> <span class='ocrx_word' id='word_1_108' title='bbox 152 3067 284 3126; x_wconf 82' lang='lat' dir='ltr'>ridiculos</span> <span class='ocrx_word' id='word_1_109' title='bbox 297 3066 368 3124; x_wconf 81' lang='lat' dir='ltr'>deos</span> <span class='ocrx_word' id='word_1_110' title='bbox 377 3064 508 3142; x_wconf 79' lang='lat' dir='ltr'>AEgyptii</span> <span class='ocrx_word' id='word_1_111' title='bbox 518 3084 622 3123; x_wconf 75' lang='lat' dir='ltr'>vesunu</span> <span class='ocrx_word' id='word_1_112' title='bbox 632 3066 835 3142; x_wconf 73' lang='lat' dir='ltr'>superstitione</span> <span class='ocrx_word' id='word_1_113' title='bbox 845 3067 1041 3122; x_wconf 79' lang='lat' dir='ltr'>venerentur?</span> <span class='ocrx_word' id='word_1_114' title='bbox 1055 3067 1115 3124; x_wconf 85' lang='lat' dir='ltr'>Alii</span> 
     </span>
     <span class='ocr_line' id='line_1_20' title="bbox 77 3157 1116 3234; baseline 0.001 -18"><span class='ocrx_word' id='word_1_115' title='bbox 77 3158 245 3232; x_wconf 80' lang='lat' dir='ltr'>crocodilum,</span> <span class='ocrx_word' id='word_1_116' title='bbox 263 3157 315 3218; x_wconf 77' lang='lat' dir='ltr'>uit</span> <span class='ocrx_word' id='word_1_117' title='bbox 330 3157 511 3234; x_wconf 80' lang='lat' dir='ltr'>serpentibus</span> <span class='ocrx_word' id='word_1_118' title='bbox 527 3157 606 3234; x_wconf 82' lang='lat' dir='ltr'>pasci</span> <span class='ocrx_word' id='word_1_119' title='bbox 618 3159 732 3218; x_wconf 83' lang='lat' dir='ltr'>solitam</span> <span class='ocrx_word' id='word_1_120' title='bbox 744 3159 807 3216; x_wconf 83' lang='lat' dir='ltr'>ibin</span> <span class='ocrx_word' id='word_1_121' title='bbox 819 3157 955 3233; x_wconf 72' lang='lat' dir='ltr'>religioso</span> <span class='ocrx_word' id='word_1_122' title='bbox 968 3169 1049 3216; x_wconf 86' lang='lat' dir='ltr'>metu</span> <span class='ocrx_word' id='word_1_123' title='bbox 1064 3179 1116 3217; x_wconf 88' lang='lat' dir='ltr'>co-</span> 
     </span>
     <span class='ocr_line' id='line_1_21' title="bbox 76 3247 1115 3330; baseline 0.008 -28"><span class='ocrx_word' id='word_1_124' title='bbox 76 3247 132 3304; x_wconf 73' lang='lat' dir='ltr'>lone</span> <span class='ocrx_word' id='word_1_125' title='bbox 146 3252 177 3306; x_wconf 89' lang='lat' dir='ltr'>ln</span> <span class='ocrx_word' id='word_1_126' title='bbox 192 3252 309 3326; x_wconf 76' lang='lat' dir='ltr'>antiqua</span> <span class='ocrx_word' id='word_1_127' title='bbox 322 3249 436 3320; x_wconf 80' lang='lat' dir='ltr'>Thebe,</span> <span class='ocrx_word' id='word_1_128' title='bbox 452 3249 533 3325; x_wconf 76' lang='lat' dir='ltr'>orius</span> <span class='ocrx_word' id='word_1_129' title='bbox 547 3249 651 3308; x_wconf 76' lang='lat' dir='ltr'>dirotxe</span> <span class='ocrx_word' id='word_1_130' title='bbox 663 3252 760 3326; x_wconf 78' lang='lat' dir='ltr'>jacent</span> <span class='ocrx_word' id='word_1_131' title='bbox 772 3261 863 3327; x_wconf 77' lang='lat' dir='ltr'>porte</span> <span class='ocrx_word' id='word_1_132' title='bbox 878 3261 1009 3322; x_wconf 73' lang='lat' dir='ltr'>emtum,</span> <span class='ocrx_word' id='word_1_133' title='bbox 1021 3271 1115 3330; x_wconf 85' lang='lat' dir='ltr'>prope</span> 
     </span>
     <span class='ocr_line' id='line_1_22' title="bbox 77 3340 1114 3421; baseline 0.003 -23"><span class='ocrx_word' id='word_1_134' title='bbox 77 3340 245 3412; x_wconf 75' lang='lat' dir='ltr'>quemvisitur</span> <span class='ocrx_word' id='word_1_135' title='bbox 255 3353 349 3400; x_wconf 76' lang='lat' dir='ltr'>status</span> <span class='ocrx_word' id='word_1_136' title='bbox 357 3341 521 3400; x_wconf 84' lang='lat' dir='ltr'>Memnonis</span> <span class='ocrx_word' id='word_1_137' title='bbox 526 3342 586 3416; x_wconf 81' lang='lat' dir='ltr'>jam</span> <span class='ocrx_word' id='word_1_138' title='bbox 595 3361 657 3400; x_wconf 89' lang='lat' dir='ltr'>uon</span> <span class='ocrx_word' id='word_1_139' title='bbox 665 3343 788 3421; x_wconf 80' lang='lat' dir='ltr'>integra,</span> <span class='ocrx_word' id='word_1_140' title='bbox 802 3353 951 3421; x_wconf 83' lang='lat' dir='ltr'>etgestens</span> <span class='ocrx_word' id='word_1_141' title='bbox 959 3344 1114 3416; x_wconf 79' lang='lat' dir='ltr'>citharam,</span> 
     </span>
     <span class='ocr_line' id='line_1_23' title="bbox 78 3431 1114 3512; baseline 0.006 -24"><span class='ocrx_word' id='word_1_142' title='bbox 78 3431 140 3507; x_wconf 81' lang='lat' dir='ltr'>cujus</span> <span class='ocrx_word' id='word_1_143' title='bbox 150 3433 274 3507; x_wconf 78' lang='lat' dir='ltr'>cbordae,</span> <span class='ocrx_word' id='word_1_144' title='bbox 288 3451 344 3509; x_wconf 85' lang='lat' dir='ltr'>per</span> <span class='ocrx_word' id='word_1_145' title='bbox 356 3433 496 3510; x_wconf 77' lang='lat' dir='ltr'>magicum</span> <span class='ocrx_word' id='word_1_146' title='bbox 511 3447 603 3492; x_wconf 81' lang='lat' dir='ltr'>artem</span> <span class='ocrx_word' id='word_1_147' title='bbox 616 3453 720 3492; x_wconf 84' lang='lat' dir='ltr'>sonum</span> <span class='ocrx_word' id='word_1_148' title='bbox 731 3435 885 3512; x_wconf 79' lang='lat' dir='ltr'>qrremdum</span> <span class='ocrx_word' id='word_1_149' title='bbox 897 3433 1003 3507; x_wconf 85' lang='lat' dir='ltr'>edunt,</span> <span class='ocrx_word' id='word_1_150' title='bbox 1019 3435 1051 3491; x_wconf 91' lang='lat' dir='ltr'>in</span> <span class='ocrx_word' id='word_1_151' title='bbox 1065 3455 1114 3507; x_wconf 77' lang='lat' dir='ltr'>es,</span> 
     </span>
     <span class='ocr_line' id='line_1_24' title="bbox 79 3521 1116 3603; baseline 0.002 -19"><span class='ocrx_word' id='word_1_152' title='bbox 79 3521 188 3598; x_wconf 70' lang='lat' dir='ltr'>inquam,</span> <span class='ocrx_word' id='word_1_153' title='bbox 204 3525 277 3584; x_wconf 87' lang='lat' dir='ltr'>urbe</span> <span class='ocrx_word' id='word_1_154' title='bbox 295 3526 390 3602; x_wconf 76' lang='lat' dir='ltr'>imago</span> <span class='ocrx_word' id='word_1_155' title='bbox 410 3544 496 3582; x_wconf 78' lang='lat' dir='ltr'>auree</span> <span class='ocrx_word' id='word_1_156' title='bbox 513 3525 605 3603; x_wconf 71' lang='lat' dir='ltr'>fulget</span> <span class='ocrx_word' id='word_1_157' title='bbox 624 3527 713 3584; x_wconf 76' lang='lat' dir='ltr'>simite</span> <span class='ocrx_word' id='word_1_158' title='bbox 725 3527 851 3586; x_wconf 69' lang='lat' dir='ltr'>audate</span> <span class='ocrx_word' id='word_1_159' title='bbox 863 3527 895 3582; x_wconf 88' lang='lat' dir='ltr'>in</span> <span class='ocrx_word' id='word_1_160' title='bbox 911 3526 1024 3600; x_wconf 85' lang='lat' dir='ltr'>templis</span> <span class='ocrx_word' id='word_1_161' title='bbox 1043 3528 1116 3586; x_wconf 88' lang='lat' dir='ltr'>ado·</span> 
     </span>
     <span class='ocr_line' id='line_1_25' title="bbox 78 3616 1115 3696; baseline 0.004 -26"><span class='ocrx_word' id='word_1_162' title='bbox 78 3626 139 3672; x_wconf 70' lang='lat' dir='ltr'>nte.</span> <span class='ocrx_word' id='word_1_163' title='bbox 147 3617 195 3676; x_wconf 84' lang='lat' dir='ltr'>llic</span> <span class='ocrx_word' id='word_1_164' title='bbox 203 3619 344 3690; x_wconf 74' lang='lat' dir='ltr'>marinos,</span> <span class='ocrx_word' id='word_1_165' title='bbox 355 3618 414 3676; x_wconf 87' lang='lat' dir='ltr'>illic</span> <span class='ocrx_word' id='word_1_166' title='bbox 423 3617 551 3676; x_wconf 72' lang='lat' dir='ltr'>fluviales</span> <span class='ocrx_word' id='word_1_167' title='bbox 558 3618 663 3695; x_wconf 78' lang='lat' dir='ltr'>pisces,</span> <span class='ocrx_word' id='word_1_168' title='bbox 676 3619 745 3676; x_wconf 83' lang='lat' dir='ltr'>alibi</span> <span class='ocrx_word' id='word_1_169' title='bbox 753 3637 851 3676; x_wconf 84' lang='lat' dir='ltr'>cenem</span> <span class='ocrx_word' id='word_1_170' title='bbox 859 3617 985 3675; x_wconf 80' lang='lat' dir='ltr'>civitates</span> <span class='ocrx_word' id='word_1_171' title='bbox 994 3616 1115 3696; x_wconf 73' lang='lat' dir='ltr'>integrae</span> 
     </span>
     <span class='ocr_line' id='line_1_26' title="bbox 81 3707 1115 3787; baseline 0.005 -25"><span class='ocrx_word' id='word_1_172' title='bbox 81 3707 172 3780; x_wconf 83' lang='lat' dir='ltr'>eoluut;</span> <span class='ocrx_word' id='word_1_173' title='bbox 181 3709 247 3768; x_wconf 78' lang='lat' dir='ltr'>civis</span> <span class='ocrx_word' id='word_1_174' title='bbox 256 3711 355 3770; x_wconf 88' lang='lat' dir='ltr'>nullus</span> <span class='ocrx_word' id='word_1_175' title='bbox 364 3710 495 3768; x_wconf 72' lang='lat' dir='ltr'>Diouem.</span> <span class='ocrx_word' id='word_1_176' title='bbox 509 3715 600 3769; x_wconf 81' lang='lat' dir='ltr'>Portu</span> <span class='ocrx_word' id='word_1_177' title='bbox 609 3721 639 3768; x_wconf 89' lang='lat' dir='ltr'>et</span> <span class='ocrx_word' id='word_1_178' title='bbox 649 3731 738 3787; x_wconf 71' lang='lat' dir='ltr'>cepas</span> <span class='ocrx_word' id='word_1_179' title='bbox 748 3729 842 3768; x_wconf 82' lang='lat' dir='ltr'>secere</span> <span class='ocrx_word' id='word_1_180' title='bbox 854 3719 883 3766; x_wconf 85' lang='lat' dir='ltr'>et</span> <span class='ocrx_word' id='word_1_181' title='bbox 895 3709 1029 3767; x_wconf 85' lang='lat' dir='ltr'>dentibus</span> <span class='ocrx_word' id='word_1_182' title='bbox 1037 3709 1115 3767; x_wconf 82' lang='lat' dir='ltr'>sran-</span> 
     </span>
     <span class='ocr_line' id='line_1_27' title="bbox 81 3799 1116 3881; baseline 0.008 -23"><span class='ocrx_word' id='word_1_183' title='bbox 81 3799 231 3877; x_wconf 75' lang='lat' dir='ltr'>gereiugeus</span> <span class='ocrx_word' id='word_1_184' title='bbox 239 3803 384 3879; x_wconf 80' lang='lat' dir='ltr'>piaculum</span> <span class='ocrx_word' id='word_1_185' title='bbox 391 3815 442 3862; x_wconf 86' lang='lat' dir='ltr'>est.</span> <span class='ocrx_word' id='word_1_186' title='bbox 456 3804 655 3881; x_wconf 77' lang='lat' dir='ltr'>Oreligiosam</span> <span class='ocrx_word' id='word_1_187' title='bbox 664 3805 824 3875; x_wconf 83' lang='lat' dir='ltr'>ostionem,</span> <span class='ocrx_word' id='word_1_188' title='bbox 835 3803 882 3860; x_wconf 89' lang='lat' dir='ltr'>cui</span> <span class='ocrx_word' id='word_1_189' title='bbox 891 3804 960 3861; x_wconf 86' lang='lat' dir='ltr'>deos</span> <span class='ocrx_word' id='word_1_190' title='bbox 969 3802 1024 3878; x_wconf 90' lang='lat' dir='ltr'>ipsi</span> <span class='ocrx_word' id='word_1_191' title='bbox 1035 3805 1116 3866; x_wconf 84' lang='lat' dir='ltr'>horti</span> 
     </span>
     <span class='ocr_line' id='line_1_28' title="bbox 82 3895 1117 3974; baseline 0.004 -22"><span class='ocrx_word' id='word_1_192' title='bbox 82 3898 259 3967; x_wconf 66' lang='lat' dir='ltr'>regenerent!</span> <span class='ocrx_word' id='word_1_193' title='bbox 273 3897 484 3974; x_wconf 72' lang='lat' dir='ltr'>Lanigerorum</span> <span class='ocrx_word' id='word_1_194' title='bbox 491 3897 657 3954; x_wconf 71' lang='lat' dir='ltr'>emmelium</span> <span class='ocrx_word' id='word_1_195' title='bbox 668 3895 802 3953; x_wconf 77' lang='lat' dir='ltr'>carnibus</span> <span class='ocrx_word' id='word_1_196' title='bbox 810 3895 887 3952; x_wconf 84' lang='lat' dir='ltr'>vesci</span> <span class='ocrx_word' id='word_1_197' title='bbox 895 3895 1019 3952; x_wconf 81' lang='lat' dir='ltr'>abstinet</span> <span class='ocrx_word' id='word_1_198' title='bbox 1028 3915 1117 3956; x_wconf 65' lang='lat' dir='ltr'>unus</span> 
     </span>
     <span class='ocr_line' id='line_1_29' title="bbox 84 3981 1117 4063; baseline 0.003 -20"><span class='ocrx_word' id='word_1_199' title='bbox 84 3981 197 4059; x_wconf 73' lang='lat' dir='ltr'>quisque;</span> <span class='ocrx_word' id='word_1_200' title='bbox 212 3989 312 4048; x_wconf 84' lang='lat' dir='ltr'>hoedos</span> <span class='ocrx_word' id='word_1_201' title='bbox 331 3989 463 4049; x_wconf 84' lang='lat' dir='ltr'>occidere</span> <span class='ocrx_word' id='word_1_202' title='bbox 479 3989 558 4047; x_wconf 75' lang='lat' dir='ltr'>nefas</span> <span class='ocrx_word' id='word_1_203' title='bbox 579 3998 622 4046; x_wconf 86' lang='lat' dir='ltr'>est</span> <span class='ocrx_word' id='word_1_204' title='bbox 637 3987 715 4063; x_wconf 85' lang='lat' dir='ltr'>apud</span> <span class='ocrx_word' id='word_1_205' title='bbox 733 4004 798 4057; x_wconf 82' lang='lat' dir='ltr'>ecs,</span> <span class='ocrx_word' id='word_1_206' title='bbox 816 3986 856 4044; x_wconf 84' lang='lat' dir='ltr'>les</span> <span class='ocrx_word' id='word_1_207' title='bbox 873 4005 944 4044; x_wconf 82' lang='lat' dir='ltr'>vero</span> <span class='ocrx_word' id='word_1_208' title='bbox 963 3988 1117 4046; x_wconf 77' lang='lat' dir='ltr'>humanam</span> 
     </span>
     <span class='ocr_line' id='line_1_30' title="bbox 83 4077 1198 4160; baseline 0.003 -26"><span class='ocrx_word' id='word_1_209' title='bbox 83 4091 175 4134; x_wconf 67' lang='lat' dir='ltr'>umen</span> <span class='ocrx_word' id='word_1_210' title='bbox 181 4082 338 4140; x_wconf 82' lang='lat' dir='ltr'>comedere</span> <span class='ocrx_word' id='word_1_211' title='bbox 347 4083 422 4141; x_wconf 79' lang='lat' dir='ltr'>Sane</span> <span class='ocrx_word' id='word_1_212' title='bbox 431 4098 519 4158; x_wconf 84' lang='lat' dir='ltr'>quum</span> <span class='ocrx_word' id='word_1_213' title='bbox 527 4080 618 4139; x_wconf 83' lang='lat' dir='ltr'>simile</span> <span class='ocrx_word' id='word_1_214' title='bbox 627 4077 774 4156; x_wconf 81' lang='lat' dir='ltr'>quidpiam</span> <span class='ocrx_word' id='word_1_215' title='bbox 784 4077 820 4134; x_wconf 89' lang='lat' dir='ltr'>de</span> <span class='ocrx_word' id='word_1_216' title='bbox 829 4079 984 4154; x_wconf 81' lang='lat' dir='ltr'>Antiphate</span> <span class='ocrx_word' id='word_1_217' title='bbox 992 4099 1024 4138; x_wconf 85' lang='lat' dir='ltr'>ac</span> <span class='ocrx_word' id='word_1_218' title='bbox 1032 4083 1117 4160; x_wconf 79' lang='lat' dir='ltr'>Poly·</span> <span class='ocrx_word' id='word_1_219' title='bbox 1192 4077 1198 4094; x_wconf 93' lang='lat'>&#39;</span> 
     </span>
     <span class='ocr_line' id='line_1_31' title="bbox 32 4163 1120 4249; baseline -0.006 -12.687"><span class='ocrx_word' id='word_1_220' title='bbox 32 4163 171 4240; x_wconf 68' lang='lat' dir='ltr'>Pleno</span> <span class='ocrx_word' id='word_1_221' title='bbox 181 4172 311 4249; x_wconf 70' lang='lat' dir='ltr'>Ulysses&#39;</span> <span class='ocrx_word' id='word_1_222' title='bbox 302 4185 379 4234; x_wconf 84' lang='lat' dir='ltr'>mter</span> <span class='ocrx_word' id='word_1_223' title='bbox 389 4171 559 4234; x_wconf 81' lang='lat' dir='ltr'>coensndum</span> <span class='ocrx_word' id='word_1_224' title='bbox 567 4171 691 4230; x_wconf 83' lang='lat' dir='ltr'>Alcinoo</span> <span class='ocrx_word' id='word_1_225' title='bbox 700 4180 845 4243; x_wconf 74' lang='lat' dir='ltr'>numeret,</span> <span class='ocrx_word' id='word_1_226' title='bbox 857 4189 919 4228; x_wconf 85' lang='lat' dir='ltr'>non</span> <span class='ocrx_word' id='word_1_227' title='bbox 933 4171 1036 4229; x_wconf 88' lang='lat' dir='ltr'>dubito</span> <span class='ocrx_word' id='word_1_228' title='bbox 1048 4173 1120 4249; x_wconf 84' lang='lat' dir='ltr'>quin</span> 
     </span>
    </p>
   </div>
   <div class='ocr_carea' id='block_1_8' title="bbox 155 4260 964 4341">
    <p class='ocr_par' dir='ltr' id='par_1_16' title="bbox 155 4260 964 4341">
     <span class='ocr_line' id='line_1_32' title="bbox 155 4260 964 4341; baseline 0.005 -18"><span class='ocrx_word' id='word_1_229' title='bbox 155 4260 197 4324; x_wconf 84' lang='grc'>11.</span> <span class='ocrx_word' id='word_1_230' title='bbox 924 4267 964 4341; x_wconf 71' lang='lat'>24</span> 
     </span>
    </p>
   </div>
   <div class='ocr_carea' id='block_1_9' title="bbox 0 0 1521 4984">
    <p class='ocr_par' dir='ltr' id='par_1_17' title="bbox 0 0 1521 4984">
     <span class='ocr_line' id='line_1_33' title="bbox 0 0 1521 4984; baseline 0 0"><span class='ocrx_word' id='word_1_231' title='bbox 0 0 1521 4984; x_wconf 95' lang='lat' dir='ltr'> </span> 
     </span>
    </p>
   </div>
  </div>
 </body>
</html>
