<?xml version="1.0" encoding="UTF-8"?>
<!DOCTYPE html PUBLIC "-//W3C//DTD XHTML 1.0 Transitional//EN"
    "http://www.w3.org/TR/xhtml1/DTD/xhtml1-transitional.dtd">
<html xmlns="http://www.w3.org/1999/xhtml" xml:lang="en" lang="en">
 <head>
  <title>
</title>
<meta http-equiv="Content-Type" content="text/html;charset=utf-8" />
  <meta name='ocr-system' content='tesseract 3.04.00' />
  <meta name='ocr-capabilities' content='ocr_page ocr_carea ocr_par ocr_line ocrx_word'/>
</head>
<body>
  <div class='ocr_page' id='page_1' title='image "./sexdecimsatir02lemagoog_0250.png"; bbox 0 0 3030 4984; ppageno 0'>
   <div class='ocr_carea' id='block_1_1' title="bbox 125 481 1150 518">
    <p class='ocr_par' dir='ltr' id='par_1_1' title="bbox 125 481 1150 518">
     <span class='ocr_line' id='line_1_1' title="bbox 125 481 1150 518; baseline 0.015 -15"><span class='ocrx_word' id='word_1_1' title='bbox 125 481 1150 518; x_wconf 60' lang='lat' dir='ltr'>mmmmmwmsmmm</span> 
     </span>
    </p>
   </div>
   <div class='ocr_carea' id='block_1_2' title="bbox 113 758 1167 890">
    <p class='ocr_par' dir='ltr' id='par_1_2' title="bbox 113 758 1167 890">
     <span class='ocr_line' id='line_1_2' title="bbox 113 758 1167 890; baseline 0.014 -14"><span class='ocrx_word' id='word_1_2' title='bbox 113 758 421 880; x_wconf 81' lang='lat' dir='ltr'><strong>SATIRA</strong></span> <span class='ocrx_word' id='word_1_3' title='bbox 450 763 791 884; x_wconf 82' lang='lat' dir='ltr'>DECIMA</span> <span class='ocrx_word' id='word_1_4' title='bbox 822 768 1167 890; x_wconf 86' lang='lat' dir='ltr'><strong>TERTIA.</strong></span> 
     </span>
    </p>
   </div>
   <div class='ocr_carea' id='block_1_3' title="bbox 109 1267 1188 2707">
    <p class='ocr_par' dir='ltr' id='par_1_3' title="bbox 111 1267 981 1400">
     <span class='ocr_line' id='line_1_3' title="bbox 111 1267 981 1400; baseline 0.01 -33"><span class='ocrx_word' id='word_1_5' title='bbox 111 1267 291 1368; x_wconf 69' lang='lat' dir='ltr'>Eximio</span> <span class='ocrx_word' id='word_1_6' title='bbox 306 1295 546 1393; x_wconf 85' lang='lat' dir='ltr'>quodcumque</span> <span class='ocrx_word' id='word_1_7' title='bbox 564 1293 651 1370; x_wconf 87' lang='lat' dir='ltr'>malo</span> <span class='ocrx_word' id='word_1_8' title='bbox 668 1301 900 1392; x_wconf 84' lang='lat' dir='ltr'>committitur,</span> <span class='ocrx_word' id='word_1_9' title='bbox 918 1307 981 1400; x_wconf 88' lang='lat' dir='ltr'>ipsi</span> 
     </span>
    </p>

    <p class='ocr_par' dir='ltr' id='par_1_4' title="bbox 111 1407 989 1506">
     <span class='ocr_line' id='line_1_4' title="bbox 111 1407 989 1506; baseline 0.009 -30"><span class='ocrx_word' id='word_1_10' title='bbox 111 1407 271 1501; x_wconf 83' lang='lat' dir='ltr'>Displicet</span> <span class='ocrx_word' id='word_1_11' title='bbox 287 1407 417 1476; x_wconf 84' lang='lat' dir='ltr'>auctori</span> <span class='ocrx_word' id='word_1_12' title='bbox 432 1433 440 1477; x_wconf 92' lang='lat'>:</span> <span class='ocrx_word' id='word_1_13' title='bbox 460 1409 569 1502; x_wconf 87' lang='lat' dir='ltr'>prima</span> <span class='ocrx_word' id='word_1_14' title='bbox 583 1425 633 1478; x_wconf 86' lang='lat' dir='ltr'>cst</span> <span class='ocrx_word' id='word_1_15' title='bbox 645 1409 716 1480; x_wconf 79' lang='lat' dir='ltr'>hoec</span> <span class='ocrx_word' id='word_1_16' title='bbox 729 1407 829 1498; x_wconf 89' lang='lat' dir='ltr'>ultio,</span> <span class='ocrx_word' id='word_1_17' title='bbox 848 1413 939 1506; x_wconf 91' lang='lat' dir='ltr'>quod</span> <span class='ocrx_word' id='word_1_18' title='bbox 954 1439 989 1484; x_wconf 89' lang='lat' dir='ltr'>sc</span> 
     </span>
    </p>

    <p class='ocr_par' dir='ltr' id='par_1_5' title="bbox 109 1517 1039 1616">
     <span class='ocr_line' id='line_1_5' title="bbox 109 1517 1039 1616; baseline 0.01 -31"><span class='ocrx_word' id='word_1_19' title='bbox 109 1518 223 1588; x_wconf 79' lang='lat' dir='ltr'>Iudice</span> <span class='ocrx_word' id='word_1_20' title='bbox 238 1543 341 1588; x_wconf 86' lang='lat' dir='ltr'>nemo</span> <span class='ocrx_word' id='word_1_21' title='bbox 355 1541 483 1587; x_wconf 84' lang='lat' dir='ltr'>nocens</span> <span class='ocrx_word' id='word_1_22' title='bbox 502 1517 697 1606; x_wconf 84' lang='lat' dir='ltr'>absolvitur,</span> <span class='ocrx_word' id='word_1_23' title='bbox 717 1521 871 1612; x_wconf 84' lang='lat' dir='ltr'>improba</span> <span class='ocrx_word' id='word_1_24' title='bbox 886 1525 1039 1616; x_wconf 88' lang='lat' dir='ltr'>quamvis</span> 
     </span>
    </p>

    <p class='ocr_par' dir='ltr' id='par_1_6' title="bbox 110 1625 773 1725">
     <span class='ocr_line' id='line_1_6' title="bbox 110 1625 773 1725; baseline 0.003 -27"><span class='ocrx_word' id='word_1_25' title='bbox 110 1631 223 1699; x_wconf 80' lang='lat' dir='ltr'>Gratia</span> <span class='ocrx_word' id='word_1_26' title='bbox 240 1625 350 1699; x_wconf 80' lang='lat' dir='ltr'>fallaci</span> <span class='ocrx_word' id='word_1_27' title='bbox 370 1631 521 1725; x_wconf 85' lang='lat' dir='ltr'>praetoris</span> <span class='ocrx_word' id='word_1_28' title='bbox 540 1631 659 1699; x_wconf 85' lang='lat' dir='ltr'>vicerit</span> <span class='ocrx_word' id='word_1_29' title='bbox 677 1655 773 1700; x_wconf 88' lang='lat' dir='ltr'>urna.</span> 
     </span>
    </p>

    <p class='ocr_par' dir='ltr' id='par_1_7' title="bbox 109 1733 906 1831">
     <span class='ocr_line' id='line_1_7' title="bbox 109 1733 906 1831; baseline 0.005 -25"><span class='ocrx_word' id='word_1_30' title='bbox 109 1738 196 1827; x_wconf 87' lang='lat' dir='ltr'>Quid</span> <span class='ocrx_word' id='word_1_31' title='bbox 209 1739 336 1808; x_wconf 88' lang='lat' dir='ltr'>sentire</span> <span class='ocrx_word' id='word_1_32' title='bbox 350 1752 446 1831; x_wconf 86' lang='lat' dir='ltr'>putas</span> <span class='ocrx_word' id='word_1_33' title='bbox 459 1762 591 1822; x_wconf 87' lang='lat' dir='ltr'>omnes,</span> <span class='ocrx_word' id='word_1_34' title='bbox 605 1733 761 1826; x_wconf 73' lang='lat' dir='ltr'>Calvino,</span> <span class='ocrx_word' id='word_1_35' title='bbox 777 1742 906 1810; x_wconf 85' lang='lat' dir='ltr'>recenti</span> 
     </span>
    </p>

    <p class='ocr_par' dir='ltr' id='par_1_8' title="bbox 110 1841 910 1918">
     <span class='ocr_line' id='line_1_8' title="bbox 110 1841 910 1918; baseline 0.003 -2"><span class='ocrx_word' id='word_1_36' title='bbox 110 1849 158 1916; x_wconf 88' lang='lat' dir='ltr'>De</span> <span class='ocrx_word' id='word_1_37' title='bbox 171 1845 298 1918; x_wconf 86' lang='lat' dir='ltr'>scelere</span> <span class='ocrx_word' id='word_1_38' title='bbox 315 1861 350 1914; x_wconf 86' lang='lat' dir='ltr'>ct</span> <span class='ocrx_word' id='word_1_39' title='bbox 365 1845 443 1916; x_wconf 90' lang='lat' dir='ltr'>fidei</span> <span class='ocrx_word' id='word_1_40' title='bbox 457 1841 587 1914; x_wconf 73' lang='lat' dir='ltr'>violatu</span> <span class='ocrx_word' id='word_1_41' title='bbox 600 1845 763 1915; x_wconf 76' lang='lat' dir='ltr'>crimine?</span> <span class='ocrx_word' id='word_1_42' title='bbox 776 1845 833 1916; x_wconf 84' lang='lat' dir='ltr'>sed</span> <span class='ocrx_word' id='word_1_43' title='bbox 846 1873 910 1918; x_wconf 89' lang='lat' dir='ltr'>nec</span> 
     </span>
    </p>

    <p class='ocr_par' dir='ltr' id='par_1_9' title="bbox 112 1956 946 2051">
     <span class='ocr_line' id='line_1_9' title="bbox 112 1956 946 2051; baseline 0.004 -24"><span class='ocrx_word' id='word_1_44' title='bbox 112 1961 186 2028; x_wconf 84' lang='lat' dir='ltr'>Tam</span> <span class='ocrx_word' id='word_1_45' title='bbox 202 1958 316 2028; x_wconf 86' lang='lat' dir='ltr'>tenuis</span> <span class='ocrx_word' id='word_1_46' title='bbox 330 1982 449 2028; x_wconf 84' lang='lat' dir='ltr'>census</span> <span class='ocrx_word' id='word_1_47' title='bbox 463 1957 525 2025; x_wconf 90' lang='lat' dir='ltr'>tibi</span> <span class='ocrx_word' id='word_1_48' title='bbox 540 1956 697 2051; x_wconf 81' lang='lat' dir='ltr'>contigit,</span> <span class='ocrx_word' id='word_1_49' title='bbox 714 1973 753 2026; x_wconf 91' lang='lat' dir='ltr'>ut</span> <span class='ocrx_word' id='word_1_50' title='bbox 766 1958 946 2030; x_wconf 83' lang='lat' dir='ltr'>mediocris</span> 
     </span>
    </p>

    <p class='ocr_par' dir='ltr' id='par_1_10' title="bbox 112 2067 919 2162">
     <span class='ocr_line' id='line_1_10' title="bbox 112 2067 919 2162; baseline 0 -26"><span class='ocrx_word' id='word_1_51' title='bbox 112 2069 250 2136; x_wconf 85' lang='lat' dir='ltr'>lacturae</span> <span class='ocrx_word' id='word_1_52' title='bbox 268 2081 300 2136; x_wconf 87' lang='lat' dir='ltr'>te</span> <span class='ocrx_word' id='word_1_53' title='bbox 315 2079 445 2162; x_wconf 85' lang='lat' dir='ltr'>mergat</span> <span class='ocrx_word' id='word_1_54' title='bbox 462 2090 563 2150; x_wconf 88' lang='lat' dir='ltr'>onus;</span> <span class='ocrx_word' id='word_1_55' title='bbox 582 2090 645 2134; x_wconf 88' lang='lat' dir='ltr'>nec</span> <span class='ocrx_word' id='word_1_56' title='bbox 661 2090 737 2134; x_wconf 83' lang='lat' dir='ltr'>rara</span> <span class='ocrx_word' id='word_1_57' title='bbox 752 2067 919 2156; x_wconf 80' lang='lat' dir='ltr'>videmus,</span> 
     </span>
    </p>

    <p class='ocr_par' dir='ltr' id='par_1_11' title="bbox 112 2171 996 2270">
     <span class='ocr_line' id='line_1_11' title="bbox 112 2171 996 2270; baseline 0 -24"><span class='ocrx_word' id='word_1_58' title='bbox 112 2177 189 2265; x_wconf 80' lang='lat' dir='ltr'>Quae</span> <span class='ocrx_word' id='word_1_59' title='bbox 207 2176 355 2270; x_wconf 85' lang='lat' dir='ltr'>pateris:</span> <span class='ocrx_word' id='word_1_60' title='bbox 373 2198 468 2242; x_wconf 89' lang='lat' dir='ltr'>casus</span> <span class='ocrx_word' id='word_1_61' title='bbox 482 2171 596 2240; x_wconf 88' lang='lat' dir='ltr'>multis</span> <span class='ocrx_word' id='word_1_62' title='bbox 610 2171 667 2240; x_wconf 90' lang='lat' dir='ltr'>hio</span> <span class='ocrx_word' id='word_1_63' title='bbox 686 2172 860 2266; x_wconf 80' lang='lat' dir='ltr'>cognitus,</span> <span class='ocrx_word' id='word_1_64' title='bbox 874 2199 914 2246; x_wconf 90' lang='lat' dir='ltr'>ac</span> <span class='ocrx_word' id='word_1_65' title='bbox 926 2173 996 2268; x_wconf 86' lang='lat' dir='ltr'>jam</span> 
     </span>
    </p>

    <p class='ocr_par' dir='ltr' id='par_1_12' title="bbox 112 2279 1179 2489">
     <span class='ocr_line' id='line_1_12' title="bbox 112 2279 1179 2374; baseline -0.006 -16"><span class='ocrx_word' id='word_1_66' title='bbox 112 2291 234 2374; x_wconf 84' lang='lat' dir='ltr'>Tritus,</span> <span class='ocrx_word' id='word_1_67' title='bbox 249 2302 285 2355; x_wconf 92' lang='lat' dir='ltr'>et</span> <span class='ocrx_word' id='word_1_68' title='bbox 298 2311 318 2355; x_wconf 89' lang='lat' dir='ltr'>c</span> <span class='ocrx_word' id='word_1_69' title='bbox 331 2285 442 2354; x_wconf 88' lang='lat' dir='ltr'>medio</span> <span class='ocrx_word' id='word_1_70' title='bbox 460 2287 617 2352; x_wconf 85' lang='lat' dir='ltr'>Fortunae</span> <span class='ocrx_word' id='word_1_71' title='bbox 633 2279 754 2352; x_wconf 92' lang='lat' dir='ltr'>ductus</span> <span class='ocrx_word' id='word_1_72' title='bbox 770 2307 902 2354; x_wconf 88' lang='lat' dir='ltr'>acervo.</span> <span class='ocrx_word' id='word_1_73' title='bbox 1148 2327 1179 2364; x_wconf 71' lang='lat'>‚0</span> 
     </span>
     <span class='ocr_line' id='line_1_13' title="bbox 112 2377 913 2489; baseline -0.005 -23"><span class='ocrx_word' id='word_1_74' title='bbox 112 2400 276 2466; x_wconf 82' lang='lat' dir='ltr'>Ponamus</span> <span class='ocrx_word' id='word_1_75' title='bbox 290 2389 412 2464; x_wconf 84' lang='lat' dir='ltr'>nimios</span> <span class='ocrx_word' id='word_1_76' title='bbox 426 2391 569 2489; x_wconf 81' lang='lat' dir='ltr'>gemitus</span> <span class='ocrx_word' id='word_1_77' title='bbox 582 2401 590 2459; x_wconf 81' lang='grc' dir='ltr'><strong><em>ἑ</em></strong></span> <span class='ocrx_word' id='word_1_78' title='bbox 611 2389 806 2486; x_wconf 83' lang='lat' dir='ltr'>flagrantior</span> <span class='ocrx_word' id='word_1_79' title='bbox 818 2377 913 2487; x_wconf 58' lang='lat' dir='ltr'>aeduo</span> 
     </span>
    </p>

    <p class='ocr_par' dir='ltr' id='par_1_13' title="bbox 116 2500 967 2598">
     <span class='ocr_line' id='line_1_14' title="bbox 116 2500 967 2598; baseline -0.002 -23"><span class='ocrx_word' id='word_1_80' title='bbox 116 2506 194 2575; x_wconf 86' lang='lat' dir='ltr'>Non</span> <span class='ocrx_word' id='word_1_81' title='bbox 214 2504 310 2574; x_wconf 83' lang='lat' dir='ltr'>debet</span> <span class='ocrx_word' id='word_1_82' title='bbox 329 2501 428 2572; x_wconf 90' lang='lat' dir='ltr'>dolor</span> <span class='ocrx_word' id='word_1_83' title='bbox 440 2526 510 2572; x_wconf 84' lang='lat' dir='ltr'>csse</span> <span class='ocrx_word' id='word_1_84' title='bbox 524 2501 603 2586; x_wconf 86' lang='lat' dir='ltr'>viri,</span> <span class='ocrx_word' id='word_1_85' title='bbox 620 2524 682 2572; x_wconf 86' lang='lat' dir='ltr'>nec</span> <span class='ocrx_word' id='word_1_86' title='bbox 696 2500 836 2571; x_wconf 85' lang='lat' dir='ltr'>vulnere</span> <span class='ocrx_word' id='word_1_87' title='bbox 849 2503 967 2598; x_wconf 85' lang='lat' dir='ltr'>major.</span> 
     </span>
    </p>

    <p class='ocr_par' dir='ltr' id='par_1_14' title="bbox 113 2609 1188 2707">
     <span class='ocr_line' id='line_1_15' title="bbox 113 2609 1188 2707; baseline 0.003 -25"><span class='ocrx_word' id='word_1_88' title='bbox 113 2616 161 2682; x_wconf 88' lang='lat' dir='ltr'>Tu</span> <span class='ocrx_word' id='word_1_89' title='bbox 174 2614 328 2707; x_wconf 85' lang='lat' dir='ltr'>quamvis</span> <span class='ocrx_word' id='word_1_90' title='bbox 342 2611 468 2680; x_wconf 85' lang='lat' dir='ltr'>levium</span> <span class='ocrx_word' id='word_1_91' title='bbox 483 2609 658 2678; x_wconf 86' lang='lat' dir='ltr'>minimam</span> <span class='ocrx_word' id='word_1_92' title='bbox 674 2611 894 2706; x_wconf 80' lang='lat' dir='ltr'>exigtramquc</span> <span class='ocrx_word' id='word_1_93' title='bbox 906 2610 1072 2685; x_wconf 78' lang='lat' dir='ltr'>malorum</span> <span class='ocrx_word' id='word_1_94' title='bbox 1181 2614 1188 2632; x_wconf 75' lang='grc'><em>”</em></span> 
     </span>
    </p>
   </div>
   <div class='ocr_carea' id='block_1_4' title="bbox 307 2781 981 2841">
    <p class='ocr_par' dir='ltr' id='par_1_15' title="bbox 307 2781 981 2841">
     <span class='ocr_line' id='line_1_16' title="bbox 307 2781 981 2841; baseline 0.003 -2"><span class='ocrx_word' id='word_1_95' title='bbox 307 2801 419 2840; x_wconf 68' lang='lat' dir='ltr'>ffl&#39;lu</span> <span class='ocrx_word' id='word_1_96' title='bbox 442 2799 562 2838; x_wconf 69' lang='lat' dir='ltr'>DBCIU</span> <span class='ocrx_word' id='word_1_97' title='bbox 584 2799 701 2837; x_wconf 70' lang='lat' dir='ltr'>&#39;rn&#39;l&#39;u</span> <span class='ocrx_word' id='word_1_98' title='bbox 722 2781 981 2841; x_wconf 76' lang='lat' dir='ltr'>ttt‘rnm&#39;tmo.</span> 
     </span>
    </p>
   </div>
   <div class='ocr_carea' id='block_1_5' title="bbox 110 2895 1187 4272">
    <p class='ocr_par' dir='ltr' id='par_1_16' title="bbox 110 2895 1187 4272">
     <span class='ocr_line' id='line_1_17' title="bbox 155 2895 1180 2980; baseline 0.007 -24"><span class='ocrx_word' id='word_1_99' title='bbox 155 2915 178 2956; x_wconf 81' lang='lat' dir='ltr'>a.</span> <span class='ocrx_word' id='word_1_100' title='bbox 199 2895 358 2980; x_wconf 58' lang='lat' dir='ltr'>Quidquid</span> <span class='ocrx_word' id='word_1_101' title='bbox 369 2907 471 2954; x_wconf 88' lang='lat' dir='ltr'>contra</span> <span class='ocrx_word' id='word_1_102' title='bbox 487 2896 564 2973; x_wconf 73' lang='lat' dir='ltr'>leges</span> <span class='ocrx_word' id='word_1_103' title='bbox 583 2895 658 2954; x_wconf 86' lang='lat' dir='ltr'>etin</span> <span class='ocrx_word' id='word_1_104' title='bbox 677 2897 784 2954; x_wconf 82' lang='lat' dir='ltr'>malum</span> <span class='ocrx_word' id='word_1_105' title='bbox 803 2900 966 2976; x_wconf 80' lang='lat' dir='ltr'>exemplum</span> <span class='ocrx_word' id='word_1_106' title='bbox 979 2904 1180 2978; x_wconf 83' lang='lat' dir='ltr'>committitur,</span> 
     </span>
     <span class='ocr_line' id='line_1_18' title="bbox 117 2981 1182 3067; baseline 0.009 -21"><span class='ocrx_word' id='word_1_107' title='bbox 117 2987 171 3060; x_wconf 91' lang='lat' dir='ltr'>illi,</span> <span class='ocrx_word' id='word_1_108' title='bbox 186 3009 209 3052; x_wconf 77' lang='lat' dir='ltr'>a</span> <span class='ocrx_word' id='word_1_109' title='bbox 226 2981 291 3067; x_wconf 58' lang='grc' dir='ltr'><strong><em>ψ</em></strong></span> <span class='ocrx_word' id='word_1_110' title='bbox 306 2987 462 3046; x_wconf 75' lang='lat' dir='ltr'>admissum</span> <span class='ocrx_word' id='word_1_111' title='bbox 480 2999 537 3058; x_wconf 86' lang='lat' dir='ltr'>eat,</span> <span class='ocrx_word' id='word_1_112' title='bbox 559 2989 693 3046; x_wconf 87' lang='lat' dir='ltr'>dolorem</span> <span class='ocrx_word' id='word_1_113' title='bbox 709 3009 742 3046; x_wconf 88' lang='lat' dir='ltr'>ac</span> <span class='ocrx_word' id='word_1_114' title='bbox 760 2989 903 3064; x_wconf 83' lang='lat' dir='ltr'>pudorem</span> <span class='ocrx_word' id='word_1_115' title='bbox 922 2994 1035 3051; x_wconf 85' lang='lat' dir='ltr'>incutit.</span> <span class='ocrx_word' id='word_1_116' title='bbox 1054 2988 1182 3056; x_wconf 81' lang='lat' dir='ltr'>Prininm</span> 
     </span>
     <span class='ocr_line' id='line_1_19' title="bbox 117 3078 1182 3158; baseline 0.008 -18"><span class='ocrx_word' id='word_1_117' title='bbox 117 3081 166 3139; x_wconf 85' lang='lat' dir='ltr'>ltoc</span> <span class='ocrx_word' id='word_1_118' title='bbox 182 3081 360 3158; x_wconf 80' lang='lat' dir='ltr'>supplicium</span> <span class='ocrx_word' id='word_1_119' title='bbox 376 3081 416 3138; x_wconf 90' lang='lat' dir='ltr'>ob</span> <span class='ocrx_word' id='word_1_120' title='bbox 436 3099 487 3138; x_wconf 82' lang='lat' dir='ltr'>ana</span> <span class='ocrx_word' id='word_1_121' title='bbox 504 3078 610 3156; x_wconf 73' lang='lat' dir='ltr'>flagitia</span> <span class='ocrx_word' id='word_1_122' title='bbox 631 3080 794 3154; x_wconf 87' lang='lat' dir='ltr'>rependunt</span> <span class='ocrx_word' id='word_1_123' title='bbox 811 3084 959 3152; x_wconf 74' lang='lat' dir='ltr'>scelerati,</span> <span class='ocrx_word' id='word_1_124' title='bbox 982 3097 1016 3142; x_wconf 90' lang='lat' dir='ltr'>ut</span> <span class='ocrx_word' id='word_1_125' title='bbox 1034 3089 1108 3146; x_wconf 89' lang='lat' dir='ltr'>nulli</span> <span class='ocrx_word' id='word_1_126' title='bbox 1128 3111 1182 3148; x_wconf 80' lang='lat' dir='ltr'>ruo</span> 
     </span>
     <span class='ocr_line' id='line_1_20' title="bbox 119 3171 1183 3257; baseline 0.011 -29"><span class='ocrx_word' id='word_1_127' title='bbox 119 3173 239 3248; x_wconf 71' lang='lat' dir='ltr'>ipsorum</span> <span class='ocrx_word' id='word_1_128' title='bbox 250 3173 364 3248; x_wconf 79' lang='lat' dir='ltr'>judicio</span> <span class='ocrx_word' id='word_1_129' title='bbox 375 3183 405 3231; x_wconf 87' lang='lat' dir='ltr'>et</span> <span class='ocrx_word' id='word_1_130' title='bbox 418 3171 592 3230; x_wconf 78' lang='lat' dir='ltr'>conscientia</span> <span class='ocrx_word' id='word_1_131' title='bbox 604 3191 665 3228; x_wconf 90' lang='lat' dir='ltr'>non</span> <span class='ocrx_word' id='word_1_132' title='bbox 681 3171 926 3246; x_wconf 83' lang='lat' dir='ltr'>condemnentur,</span> <span class='ocrx_word' id='word_1_133' title='bbox 942 3176 1010 3234; x_wconf 82' lang='lat' dir='ltr'>licet</span> <span class='ocrx_word' id='word_1_134' title='bbox 1021 3177 1120 3256; x_wconf 85' lang='lat' dir='ltr'>iniqua</span> <span class='ocrx_word' id='word_1_135' title='bbox 1135 3183 1183 3257; x_wconf 82' lang='lat' dir='ltr'>ju-</span> 
     </span>
     <span class='ocr_line' id='line_1_21' title="bbox 121 3264 1182 3348; baseline 0.007 -24"><span class='ocrx_word' id='word_1_136' title='bbox 121 3265 183 3324; x_wconf 76' lang='lat' dir='ltr'>dicis</span> <span class='ocrx_word' id='word_1_137' title='bbox 194 3267 339 3325; x_wconf 72' lang='lat' dir='ltr'>sententia</span> <span class='ocrx_word' id='word_1_138' title='bbox 349 3277 380 3324; x_wconf 86' lang='lat' dir='ltr'>et</span> <span class='ocrx_word' id='word_1_139' title='bbox 390 3265 523 3341; x_wconf 81' lang='lat' dir='ltr'>corrupti</span> <span class='ocrx_word' id='word_1_140' title='bbox 536 3264 664 3342; x_wconf 74' lang='lat' dir='ltr'>suffragii</span> <span class='ocrx_word' id='word_1_141' title='bbox 673 3283 746 3322; x_wconf 86' lang='lat' dir='ltr'>urna</span> <span class='ocrx_word' id='word_1_142' title='bbox 755 3266 813 3322; x_wconf 79' lang='lat' dir='ltr'>sint</span> <span class='ocrx_word' id='word_1_143' title='bbox 825 3268 958 3326; x_wconf 78' lang='lat' dir='ltr'>absoluti.</span> <span class='ocrx_word' id='word_1_144' title='bbox 972 3269 1057 3328; x_wconf 85' lang='lat' dir='ltr'>Illum</span> <span class='ocrx_word' id='word_1_145' title='bbox 1070 3285 1182 3348; x_wconf 82' lang='lat' dir='ltr'>autem,</span> 
     </span>
     <span class='ocr_line' id='line_1_22' title="bbox 119 3355 1182 3436; baseline 0.008 -21"><span class='ocrx_word' id='word_1_146' title='bbox 119 3359 167 3433; x_wconf 83' lang='lat' dir='ltr'>qni</span> <span class='ocrx_word' id='word_1_147' title='bbox 176 3357 424 3436; x_wconf 76' lang='lat' dir='ltr'>depositamapnd</span> <span class='ocrx_word' id='word_1_148' title='bbox 433 3377 463 3419; x_wconf 78' lang='lat' dir='ltr'>se</span> <span class='ocrx_word' id='word_1_149' title='bbox 472 3357 639 3432; x_wconf 85' lang='lat' dir='ltr'>pecuniam,</span> <span class='ocrx_word' id='word_1_150' title='bbox 649 3368 678 3415; x_wconf 92' lang='lat' dir='ltr'>et</span> <span class='ocrx_word' id='word_1_151' title='bbox 687 3376 745 3414; x_wconf 63' lang='grc' dir='ltr'>ωε</span> <span class='ocrx_word' id='word_1_152' title='bbox 755 3355 848 3414; x_wconf 71' lang='lat' dir='ltr'>fideii</span> <span class='ocrx_word' id='word_1_153' title='bbox 862 3369 905 3428; x_wconf 87' lang='lat' dir='ltr'>te,</span> <span class='ocrx_word' id='word_1_154' title='bbox 916 3361 1051 3432; x_wconf 72' lang='lat' dir='ltr'>Calvine,</span> <span class='ocrx_word' id='word_1_155' title='bbox 1064 3383 1182 3424; x_wconf 86' lang='lat' dir='ltr'>concre-</span> 
     </span>
     <span class='ocr_line' id='line_1_23' title="bbox 118 3447 1182 3528; baseline 0.005 -20"><span class='ocrx_word' id='word_1_156' title='bbox 118 3450 199 3508; x_wconf 77' lang='lat' dir='ltr'>dum</span> <span class='ocrx_word' id='word_1_157' title='bbox 215 3472 272 3528; x_wconf 82' lang='lat' dir='ltr'>per</span> <span class='ocrx_word' id='word_1_158' title='bbox 292 3452 446 3508; x_wconf 85' lang='lat' dir='ltr'>immanem</span> <span class='ocrx_word' id='word_1_159' title='bbox 466 3447 616 3526; x_wconf 74' lang='lat' dir='ltr'>perfidiam</span> <span class='ocrx_word' id='word_1_160' title='bbox 635 3468 729 3524; x_wconf 84' lang='lat' dir='ltr'>nuper</span> <span class='ocrx_word' id='word_1_161' title='bbox 746 3450 906 3522; x_wconf 74' lang='lat' dir='ltr'>abjuravit,</span> <span class='ocrx_word' id='word_1_162' title='bbox 928 3471 1026 3510; x_wconf 86' lang='lat' dir='ltr'>nonne</span> <span class='ocrx_word' id='word_1_163' title='bbox 1044 3454 1126 3512; x_wconf 82' lang='lat' dir='ltr'>videa</span> <span class='ocrx_word' id='word_1_164' title='bbox 1145 3458 1182 3514; x_wconf 80' lang='lat' dir='ltr'>ab</span> 
     </span>
     <span class='ocr_line' id='line_1_24' title="bbox 118 3541 1181 3622; baseline 0.004 -25"><span class='ocrx_word' id='word_1_165' title='bbox 118 3545 246 3602; x_wconf 77' lang='lat' dir='ltr'>omnibus</span> <span class='ocrx_word' id='word_1_166' title='bbox 258 3543 346 3600; x_wconf 84' lang='lat' dir='ltr'>etiam</span> <span class='ocrx_word' id='word_1_167' title='bbox 359 3542 565 3608; x_wconf 83' lang='lat' dir='ltr'>condemnari,</span> <span class='ocrx_word' id='word_1_168' title='bbox 579 3553 714 3618; x_wconf 87' lang='lat' dir='ltr'>tanquam</span> <span class='ocrx_word' id='word_1_169' title='bbox 726 3541 875 3617; x_wconf 72' lang='lat' dir='ltr'>perjurum</span> <span class='ocrx_word' id='word_1_170' title='bbox 886 3553 915 3599; x_wconf 85' lang='lat' dir='ltr'>ct</span> <span class='ocrx_word' id='word_1_171' title='bbox 923 3543 1063 3618; x_wconf 80' lang='lat' dir='ltr'>impium?</span> <span class='ocrx_word' id='word_1_172' title='bbox 1078 3547 1181 3622; x_wconf 73' lang='lat' dir='ltr'>Neque</span> 
     </span>
     <span class='ocr_line' id='line_1_25' title="bbox 118 3636 1179 3716; baseline 0.005 -22"><span class='ocrx_word' id='word_1_173' title='bbox 118 3657 186 3696; x_wconf 73' lang='lat' dir='ltr'>aero</span> <span class='ocrx_word' id='word_1_174' title='bbox 209 3649 253 3698; x_wconf 77' lang='lat' dir='ltr'>cot</span> <span class='ocrx_word' id='word_1_175' title='bbox 275 3637 350 3696; x_wconf 76' lang='lat' dir='ltr'>odeo</span> <span class='ocrx_word' id='word_1_176' title='bbox 373 3637 429 3694; x_wconf 83' lang='lat' dir='ltr'>tibi</span> <span class='ocrx_word' id='word_1_177' title='bbox 451 3648 571 3714; x_wconf 76' lang='lat' dir='ltr'>angusta</span> <span class='ocrx_word' id='word_1_178' title='bbox 592 3657 637 3694; x_wconf 81' lang='lat' dir='ltr'>rec</span> <span class='ocrx_word' id='word_1_179' title='bbox 661 3636 828 3706; x_wconf 81' lang='lat' dir='ltr'>familiaris,</span> <span class='ocrx_word' id='word_1_180' title='bbox 850 3647 884 3693; x_wconf 87' lang='lat' dir='ltr'>ut</span> <span class='ocrx_word' id='word_1_181' title='bbox 905 3637 961 3694; x_wconf 85' lang='lat' dir='ltr'>leri</span> <span class='ocrx_word' id='word_1_182' title='bbox 981 3639 1041 3712; x_wconf 78' lang='lat' dir='ltr'>ejus</span> <span class='ocrx_word' id='word_1_183' title='bbox 1065 3642 1179 3716; x_wconf 74' lang='lat' dir='ltr'>generis</span> 
     </span>
     <span class='ocr_line' id='line_1_26' title="bbox 116 3727 1182 3806; baseline 0.001 -17"><span class='ocrx_word' id='word_1_184' title='bbox 116 3727 221 3803; x_wconf 71' lang='lat' dir='ltr'>jactura</span> <span class='ocrx_word' id='word_1_185' title='bbox 232 3731 399 3806; x_wconf 85' lang='lat' dir='ltr'>damnoque</span> <span class='ocrx_word' id='word_1_186' title='bbox 412 3748 504 3804; x_wconf 81' lang='lat' dir='ltr'>parvo</span> <span class='ocrx_word' id='word_1_187' title='bbox 513 3730 551 3787; x_wconf 78' lang='lat' dir='ltr'>sie</span> <span class='ocrx_word' id='word_1_188' title='bbox 568 3729 606 3786; x_wconf 85' lang='lat' dir='ltr'>ad</span> <span class='ocrx_word' id='word_1_189' title='bbox 617 3739 769 3806; x_wconf 85' lang='lat' dir='ltr'>egcatatem</span> <span class='ocrx_word' id='word_1_190' title='bbox 783 3729 972 3804; x_wconf 74' lang='lat' dir='ltr'>redigendus:</span> <span class='ocrx_word' id='word_1_191' title='bbox 985 3749 1079 3806; x_wconf 86' lang='lat' dir='ltr'>neque</span> <span class='ocrx_word' id='word_1_192' title='bbox 1090 3733 1182 3791; x_wconf 80' lang='lat' dir='ltr'>infre-</span> 
     </span>
     <span class='ocr_line' id='line_1_27' title="bbox 119 3819 1183 3898; baseline 0.004 -18"><span class='ocrx_word' id='word_1_193' title='bbox 119 3839 208 3896; x_wconf 77' lang='lat' dir='ltr'>quens</span> <span class='ocrx_word' id='word_1_194' title='bbox 228 3823 301 3880; x_wconf 88' lang='lat' dir='ltr'>illud</span> <span class='ocrx_word' id='word_1_195' title='bbox 324 3822 518 3880; x_wconf 81' lang='lat' dir='ltr'>infortunium</span> <span class='ocrx_word' id='word_1_196' title='bbox 539 3833 622 3880; x_wconf 87' lang='lat' dir='ltr'>tuom</span> <span class='ocrx_word' id='word_1_197' title='bbox 639 3832 698 3890; x_wconf 73' lang='lat' dir='ltr'>cst,</span> <span class='ocrx_word' id='word_1_198' title='bbox 720 3819 771 3876; x_wconf 80' lang='lat' dir='ltr'>aed</span> <span class='ocrx_word' id='word_1_199' title='bbox 795 3822 893 3878; x_wconf 72' lang='lat' dir='ltr'>mmtic</span> <span class='ocrx_word' id='word_1_200' title='bbox 911 3822 1028 3879; x_wconf 82' lang='lat' dir='ltr'>evenire</span> <span class='ocrx_word' id='word_1_201' title='bbox 1047 3825 1183 3898; x_wconf 83' lang='lat' dir='ltr'>solitum,</span> 
     </span>
     <span class='ocr_line' id='line_1_28' title="bbox 120 3911 1185 3992; baseline 0.006 -22"><span class='ocrx_word' id='word_1_202' title='bbox 120 3933 150 3970; x_wconf 89' lang='lat' dir='ltr'>ac</span> <span class='ocrx_word' id='word_1_203' title='bbox 167 3927 313 3992; x_wconf 79' lang='lat' dir='ltr'>cumptum</span> <span class='ocrx_word' id='word_1_204' title='bbox 332 3933 348 3972; x_wconf 84' lang='lat' dir='ltr'>c</span> <span class='ocrx_word' id='word_1_205' title='bbox 368 3915 466 3972; x_wconf 87' lang='lat' dir='ltr'>medio</span> <span class='ocrx_word' id='word_1_206' title='bbox 488 3915 581 3972; x_wconf 87' lang='lat' dir='ltr'>veluti</span> <span class='ocrx_word' id='word_1_207' title='bbox 600 3931 705 3971; x_wconf 82' lang='lat' dir='ltr'>acervo</span> <span class='ocrx_word' id='word_1_208' title='bbox 725 3911 933 3984; x_wconf 75' lang='lat' dir='ltr'>calamitatum,</span> <span class='ocrx_word' id='word_1_209' title='bbox 954 3914 1060 3990; x_wconf 76' lang='lat' dir='ltr'>quibus</span> <span class='ocrx_word' id='word_1_210' title='bbox 1080 3935 1185 3976; x_wconf 80' lang='lat' dir='ltr'>verare</span> 
     </span>
     <span class='ocr_line' id='line_1_29' title="bbox 120 4005 1185 4084; baseline 0.006 -22"><span class='ocrx_word' id='word_1_211' title='bbox 120 4011 253 4066; x_wconf 78' lang='lat' dir='ltr'>mortales</span> <span class='ocrx_word' id='word_1_212' title='bbox 275 4007 408 4084; x_wconf 90' lang='lat' dir='ltr'>quotidie</span> <span class='ocrx_word' id='word_1_213' title='bbox 432 4009 561 4064; x_wconf 84' lang='lat' dir='ltr'>Fortuna</span> <span class='ocrx_word' id='word_1_214' title='bbox 587 4005 790 4080; x_wconf 70' lang='lat' dir='ltr'>solertiaque</span> <span class='ocrx_word' id='word_1_215' title='bbox 813 4008 874 4064; x_wconf 92' lang='lat' dir='ltr'>noli</span> <span class='ocrx_word' id='word_1_216' title='bbox 898 4007 963 4082; x_wconf 74' lang='lat' dir='ltr'>plus</span> <span class='ocrx_word' id='word_1_217' title='bbox 980 4026 1064 4083; x_wconf 74' lang='lat' dir='ltr'>aeqno</span> <span class='ocrx_word' id='word_1_218' title='bbox 1086 4010 1185 4069; x_wconf 83' lang='lat' dir='ltr'>indul-</span> 
     </span>
     <span class='ocr_line' id='line_1_30' title="bbox 120 4097 1187 4177; baseline 0.005 -22"><span class='ocrx_word' id='word_1_219' title='bbox 120 4117 185 4174; x_wconf 78' lang='lat' dir='ltr'>gere</span> <span class='ocrx_word' id='word_1_220' title='bbox 204 4100 342 4169; x_wconf 75' lang='lat' dir='ltr'>moerori3</span> <span class='ocrx_word' id='word_1_221' title='bbox 359 4101 449 4158; x_wconf 85' lang='lat' dir='ltr'>homo</span> <span class='ocrx_word' id='word_1_222' title='bbox 467 4100 564 4177; x_wconf 77' lang='lat' dir='ltr'>gravio</span> <span class='ocrx_word' id='word_1_223' title='bbox 582 4110 612 4156; x_wconf 87' lang='lat' dir='ltr'>et</span> <span class='ocrx_word' id='word_1_224' title='bbox 625 4109 759 4156; x_wconf 78' lang='lat' dir='ltr'>conatam</span> <span class='ocrx_word' id='word_1_225' title='bbox 773 4097 858 4171; x_wconf 84' lang='lat' dir='ltr'>dejici</span> <span class='ocrx_word' id='word_1_226' title='bbox 875 4099 978 4156; x_wconf 77' lang='lat' dir='ltr'>dolore</span> <span class='ocrx_word' id='word_1_227' title='bbox 997 4119 1057 4158; x_wconf 90' lang='lat' dir='ltr'>non</span> <span class='ocrx_word' id='word_1_228' title='bbox 1080 4101 1187 4174; x_wconf 83' lang='lat' dir='ltr'>debet,</span> 
     </span>
     <span class='ocr_line' id='line_1_31' title="bbox 110 4189 1183 4272; baseline 0.007 -25"><span class='ocrx_word' id='word_1_229' title='bbox 110 4207 171 4256; x_wconf 68' lang='lat' dir='ltr'>,uec</span> <span class='ocrx_word' id='word_1_230' title='bbox 183 4193 381 4252; x_wconf 76' lang='lat' dir='ltr'>vehementius</span> <span class='ocrx_word' id='word_1_231' title='bbox 385 4233 394 4269; x_wconf 95' lang='lat'>,</span> <span class='ocrx_word' id='word_1_232' title='bbox 409 4211 495 4272; x_wconf 78' lang='lat' dir='ltr'>qnam</span> <span class='ocrx_word' id='word_1_233' title='bbox 506 4209 551 4252; x_wconf 82' lang='lat' dir='ltr'>res</span> <span class='ocrx_word' id='word_1_234' title='bbox 564 4191 625 4271; x_wconf 81' lang='lat' dir='ltr'>ipsa</span> <span class='ocrx_word' id='word_1_235' title='bbox 638 4201 753 4270; x_wconf 77' lang='lat' dir='ltr'>poscat,</span> <span class='ocrx_word' id='word_1_236' title='bbox 770 4189 909 4252; x_wconf 79' lang='lat' dir='ltr'>afflictari.</span> <span class='ocrx_word' id='word_1_237' title='bbox 924 4192 1034 4252; x_wconf 75' lang='lat' dir='ltr'>Pudeat</span> <span class='ocrx_word' id='word_1_238' title='bbox 1047 4204 1091 4268; x_wconf 87' lang='lat' dir='ltr'>te,</span> <span class='ocrx_word' id='word_1_239' title='bbox 1105 4195 1183 4272; x_wconf 84' lang='lat' dir='ltr'>quod</span> 
     </span>
    </p>
   </div>
   <div class='ocr_carea' id='block_1_6' title="bbox 208 4283 1054 4349">
    <p class='ocr_par' dir='ltr' id='par_1_17' title="bbox 208 4283 1054 4349">
     <span class='ocr_line' id='line_1_32' title="bbox 208 4283 1054 4349; baseline -0.002 -1"><span class='ocrx_word' id='word_1_240' title='bbox 208 4283 255 4349; x_wconf 85' lang='lat' dir='ltr'>Il.</span> <span class='ocrx_word' id='word_1_241' title='bbox 1015 4283 1054 4346; x_wconf 88' lang='lat'>16</span> 
     </span>
    </p>
   </div>
   <div class='ocr_carea' id='block_1_7' title="bbox 0 0 1520 4984">
    <p class='ocr_par' dir='ltr' id='par_1_18' title="bbox 0 0 1520 4984">
     <span class='ocr_line' id='line_1_33' title="bbox 0 0 1520 4984; baseline 0 0"><span class='ocrx_word' id='word_1_242' title='bbox 0 0 1520 4984; x_wconf 95' lang='lat' dir='ltr'> </span> 
     </span>
    </p>
   </div>
  </div>
 </body>
</html>
