3074 4990
464 483 651 551 sarrna
674 484 882 550 uuornn.
1165 482 1205 568 ⁵7

135 591 232 664 Posse
245 597 367 695 volunt
382 624 390 667 ε
408 601 464 669 scd
480 627 555 696 quae
570 598 729 694 preclara
743 614 777 667 et
792 624 951 695 prospera
966 601 1067 684 tanti,

134 703 181 772 Ut
195 707 296 778 rebus
310 708 393 780 laetis
407 735 468 806 par
482 712 524 780 sit
537 734 694 780 mensura
706 706 892 778 malorum?

134 815 246 907 Hujus
262 819 323 913 qui
339 819 502 902 trahitur,
517 832 710 913 praetextam
726 843 859 889 sumere
870 819 995 888 mavis?
1322 887 1327 900 ,

134 923 186 991 An
200 926 408 998 Fidenarum
423 929 677 1023 Gabiorumque
691 953 760 998 esse
773 944 935 1023 potestas,
1160 961 1208 994 100
1309 1007 1314 1018 ¹

135 1035 179 1101 Et
191 1033 235 1104 de
252 1063 411 1108 mensura
419 1038 474 1132 jus
486 1039 619 1124 dicere,
634 1063 711 1106 vasa
724 1038 856 1108 minora

134 1144 308 1241 Frangere
322 1173 492 1244 pannosus
504 1148 618 1218 vacuis
634 1144 753 1215 AEdilis
767 1145 928 1214 Ulubris?

135 1255 228 1350 Ergo
240 1256 327 1350 quid
338 1257 524 1352 optandum
540 1257 645 1348 foret,
660 1258 831 1351 ignorasse
844 1255 958 1324 lateris
1007 1265 1011 1332 ’,

136 1361 320 1454 Sejanum:
341 1391 418 1435 nam
437 1367 496 1461 qui
514 1367 636 1437 nimios
651 1368 788 1461 optabat
803 1368 967 1447 honores,

136 1475 180 1540 Et
195 1473 317 1544 nimias
334 1476 493 1570 poscebat
506 1501 600 1570 opes,
616 1499 796 1544 numerosa
812 1475 952 1570 parabat
1162 1487 1208 1540 ιο5

138 1581 282 1653 Excelsae
300 1585 403 1654 turris
422 1583 585 1671 tabulata,
602 1583 695 1653 unde
714 1581 813 1652 altior
828 1598 914 1654 esset

138 1691 259 1776 Casus,
277 1707 312 1762 et
330 1691 481 1789 impulsae
497 1719 646 1790 pcaeceps
664 1693 810 1762 immane
827 1692 946 1760 ruinae.

183 1802 276 1891 Quid
292 1807 444 1889 Crassos,
459 1802 540 1898 quid
559 1802 740 1898 Pompeios
756 1799 896 1870 evertit?
912 1815 946 1870 et
959 1799 1073 1886 illum,

140 1910 191 1980 hd
208 1937 267 1981 sua
282 1915 342 2008 qui
360 1913 505 1985 domitos
521 1912 661 1984 deduxit
679 1913 783 2006 flagra
798 1910 968 2000 Quirites?

142 2022 294 2092 Summus
312 2047 436 2118 nempe
450 2021 544 2092 locus
560 2022 652 2092 nulla
669 2047 739 2091 non
758 2036 828 2092 arte
846 2022 982 2117 petitus,
1161 2053 1210 2088 tto

142 2129 332 2225 Magnaque
348 2132 544 2202 numinibus
562 2147 641 2200 vota
656 2131 811 2202 exaudita
826 2121 989 2226 malignis.

140 2389 185 2438 ter
197 2393 374 2458 potestatem
388 2383 540 2457 cujuslibet
561 2381 753 2440 interficiendi
772 2383 890 2452 babeat,
907 2381 1037 2458 quamvis
1055 2381 1154 2437 eadem
1167 2377 1211 2434 uti

138 2475 232 2532 nolit?
252 2477 313 2534 Sed
328 2496 462 2552 quanm
475 2478 590 2535 tandem
612 2477 678 2532 vitae
695 2475 825 2533 conditio
841 2475 1000 2550 quamlibet
1017 2473 1099 2542 felir,
1116 2469 1211 2544 optari

138 2577 167 2623 et
177 2569 293 2643 acquiri
308 2580 445 2642 meretur,
460 2590 492 2627 ea
504 2571 578 2646 lege,
590 2581 624 2626 ut
635 2569 719 2626 bonis
730 2570 805 2626 mala
819 2579 1014 2644 exequentur,
1030 2577 1058 2623 et
1074 2575 1212 2641 quantum

138 2677 172 2714 ex
184 2679 218 2716 eo
232 2659 329 2735 capias
343 2661 489 2718 commodi
506 2673 536 2718 et
546 2661 722 2736 voluptatis,
737 2670 848 2716 tantum
864 2657 1087 2716 incommodius
1103 2655 1213 2712 doloris

136 2749 271 2807 haurias?
282 2755 361 2828 Age,
370 2771 441 2808 num
452 2751 564 2826 Seiani,
578 2754 629 2828 qui
637 2771 715 2809 unco
728 2752 852 2808 trahitur
863 2751 900 2808 ad
912 2748 1080 2820 Gemonias,
1091 2746 1214 2803 induere

137 2853 309 2916 praetextam
322 2844 436 2914 malles,
452 2863 537 2921 quam
549 2845 748 2921 magistratum
764 2862 865 2921 gerere
875 2843 907 2898 in
920 2842 1061 2918 oppidulo
1077 2837 1213 2915 quopiam

137 2932 265 3002 deserto,
273 2945 345 3009 puta
352 2935 478 3006 Fidenis,
488 2935 596 3007 Gabiis,
606 2955 691 3012 quam
700 2936 790 2993 edilis
797 2953 857 2994 esse
865 2933 1101 3008 Ulubris,ibiqne
1109 2929 1213 2989 detrita

138 3037 218 3083 veste
234 3027 358 3084 indutus
373 3028 437 3084 lites
453 3029 489 3085 de
504 3029 645 3086 mensuris
659 3039 854 3086 mercatorum
869 3037 899 3084 et
910 3025 1090 3102 ponderibus
1100 3032 1215 3080 coortas

141 3120 317 3194 dijudicare,
332 3141 366 3179 ac
381 3125 484 3198 pocula
498 3123 633 3194 minoris,
649 3142 735 3201 qnam
747 3125 794 3180 lex
807 3122 903 3196 jubet,
919 3120 1082 3198 capacitatis
1096 3115 1214 3176 commi-

141 3216 249 3271 nuere?
269 3215 413 3272 concedis
432 3216 520 3293 igitur
537 3217 671 3291 Seianum
683 3215 836 3272 nescivisse
852 3213 924 3290 quid
942 3212 1126 3271 desideraris
1137 3229 1216 3267 mor-

145 3305 261 3377 talibus,
277 3306 316 3363 ad
335 3325 435 3363 reram
455 3307 618 3365 felicitatem
634 3308 880 3382 consequendam,
894 3317 1060 3384 oporteret:
1073 3303 1124 3378 qui
1138 3303 1215 3358 enim

147 3395 295 3456 immensu
312 3418 384 3474 opes
396 3401 428 3456 in
444 3400 532 3456 altum
548 3399 728 3471 exstnrebnt‚
744 3399 796 3475 qui
812 3399 970 3474 cupiditate
982 3396 1103 3453 honoris
1117 3393 1215 3450 insana

144 3489 304 3568 principem
314 3491 346 3548 in
357 3491 471 3550 civitate
481 3494 576 3549 locum
589 3491 745 3560 ambiebat,
754 3491 778 3548 is
786 3491 891 3548 turrim
901 3487 1041 3547 aedificare
1052 3486 1216 3543 altissimam

141 3581 308 3653 ridebatur,
321 3583 400 3640 unde
413 3583 528 3640 caderet
541 3583 672 3660 gravius,
683 3581 881 3658 impulsusque
892 3583 923 3638 in
933 3579 1092 3653 subjectum
1104 3597 1136 3634 ac
1145 3595 1216 3652 pro-
1296 3612 1299 3623 ›

141 3673 266 3731 fundum
282 3675 476 3751 praecipitium
490 3675 569 3733 clade
584 3673 688 3748 majori
702 3685 730 3731 et
742 3659 857 3751 fragore
872 3683 977 3730 rueret.

186 3769 251 3825 1⁰8.
275 3769 357 3840 Quid
371 3769 461 3826 exitio
474 3769 594 3838 Crassis,
607 3768 679 3843 quid
690 3766 834 3842 Pompeiis
842 3765 999 3840 fnitiqnid
1008 3762 1164 3839 pernicicm
1174 3762 1217 3818 illi

141 3858 256 3927 attulit,
276 3879 292 3915 a
308 3878 369 3934 quo
383 3862 509 3935 populus
525 3862 673 3916 Romanus
687 3859 818 3916 redactus
834 3859 865 3914 in
880 3857 1065 3924 servitutem,
1081 3873 1114 3912 ac
1128 3854 1217 3912 veluti

138 3949 214 4006 loris
224 3969 324 4022 cresus,
335 3962 363 4008 et
372 3951 463 4008 instar
472 3951 607 4026 mancipii
616 3951 731 4008 babitus
742 3950 956 4007 esthiminrm
966 3949 1132 4008 dominatus
1138 3947 1217 4003 omni

138 4044 333 4102 contentione
351 4046 502 4121 quaesitus,
522 4057 550 4102 et
566 4046 706 4102 exaudite
720 4065 736 4102 a
752 4046 870 4122 Superis
887 4045 1063 4115 faventibus,
1077 4045 1123 4100 vel
1138 4041 1217 4098 iratis

15 4207 16 4216 ἵ
136 4137 250 4212 potius,
259 4150 348 4214 atque
358 4139 545 4214 cupiditatem
554 4139 704 4196 homiuum
717 4139 930 4211 ulciscentibus,
941 4138 1099 4194 ambitiosae
1109 4155 1217 4211 preces.

138 4232 386 4308 Quotusquisque
399 4250 501 4309 regum
516 4251 549 4288 ac
566 4244 756 4307 tyrannorum
768 4242 825 4300 est,
839 4231 889 4306 qui
900 4240 995 4286 morte
1004 4229 1154 4286 incruenta
1167 4225 1218 4280 de-
