3074 4990
422 453 475 519 IN
498 453 731 520 SATIRAM
753 453 949 518 NONAM.
1178 453 1217 530 Ar

182 550 258 605 Nor.
281 554 341 623 ¹39·
362 558 469 622 Quando
480 573 525 623 ego
533 557 634 621 aliquid
635 557 731 625 figam,
743 554 813 608 torte
822 557 946 626 captabo,
959 555 1162 626 consequar(ut
1172 553 1226 606 fere

144 650 199 686 noe
209 639 316 687 eraielerr
327 635 454 706 dicimus)
461 649 493 690 ut
501 637 659 709 metaphora
669 655 685 690 a
696 639 869 692 venatoribus
883 639 965 711 petita
978 639 1024 700 sit,
1035 638 1082 710 qui
1090 638 1158 690 seras
1168 636 1227 692 teiit

146 718 271 772 conlisae
284 721 422 792 capiunt:
442 723 507 774 Haec
518 721 662 792 explicatio
678 732 704 774 et
718 721 865 794 simplicior
880 735 921 775 est
933 722 1040 788 ceteris,
1054 733 1081 775 et
1093 719 1184 793 lepida
1200 732 1228 774 et

147 801 296 873 ambigua:
309 823 372 857 nam
386 805 513 858 obscoeno
531 821 640 875 quoque
659 821 739 856 sensu
756 805 817 877 capi
835 817 932 877 potest.
951 805 1019 858 Tale
1036 817 1126 858 antem
1144 820 1228 876 genus

147 883 261 940 dicendi
278 899 306 941 et
324 888 450 951 satirico,
466 901 493 941 et
508 888 621 942 Nerolo
640 884 741 940 drauco
757 887 891 941 convenit.
914 888 993 941 cont.
1015 888 1082 941 Var.
1102 889 1175 940 lect.
1191 917 1227 927 -

147 969 255 1021 Tamen
265 971 320 1023 alia
328 971 428 1024 referre
437 970 511 1026 libet.
520 973 632 1024 Veteres
642 970 691 1022 ubi
700 982 764 1023 vota
774 971 972 1043 concepissent,
982 985 1113 1043 concepta
1121 969 1228 1024 tabellis

148 1051 351 1108 inscribebant:
363 1054 401 1108 ita
412 1053 568 1126 conscripta
579 1053 737 1125 signabant;
745 1055 888 1127 obsignata
898 1055 1046 1126 alligabant
1055 1053 1167 1109 deorum
1176 1067 1229 1108 sta·

148 1135 205 1187 tuis
213 1173 221 1200 ,
230 1153 279 1188 seu
292 1136 421 1208 genibns;
433 1155 465 1190 en
475 1137 546 1190 enim
556 1135 750 1190 misericordie
761 1136 836 1191 sedes
849 1150 1006 1192 consecrata
1016 1149 1065 1192 est.
1079 1137 1230 1210 diligebant
1338 1134 1339 1137 ’

150 1230 243 1272 numm
257 1237 335 1286 cera,
350 1231 430 1292 atque
443 1221 499 1274 Sat.
510 1221 555 1272 X:

341 1320 439 1378 Propter
450 1331 500 1378 qne
513 1316 548 1362 ias
560 1325 594 1362 est
605 1331 679 1378 genna
691 1319 794 1364 incerare
804 1316 908 1364 deornm.
1168 1319 1212 1364 lin.

151 1408 250 1470 -Qno
258 1403 291 1455 sit
302 1405 423 1454 miiitum
433 1417 539 1455 senectus
548 1424 565 1454 a
575 1417 653 1473 tegete
662 1409 796 1471 erbocolo,
810 1425 865 1477 quo
878 1406 906 1458 iu
921 1418 1055 1459 senectute
1066 1417 1140 1458 tutus
1152 1404 1203 1458 sim
1216 1423 1232 1458 a

151 1484 336 1541 mendicitate.
349 1493 450 1558 Tegete,
462 1488 586 1560 tugurio,
599 1487 661 1543 ride
670 1488 706 1543 ad
715 1490 752 1556 V,
764 1491 788 1543 li.
801 1494 893 1541 Bnculo
901 1489 1099 1556 mendicorum
1109 1503 1231 1544 nostrum

151 1577 297 1625 Berrelssab.
307 1573 395 1626 Simili
407 1572 568 1645 metaphora
580 1573 722 1628 Terentius
737 1571 823 1628 dixit:
838 1573 930 1626 «Mihi
943 1593 1006 1628 vere
1021 1593 1063 1628 res
1077 1573 1112 1627 ad
1130 1585 1232 1628 rastros

152 1653 262 1722 redit,·
277 1657 377 1709 Heaut.
390 1657 427 1720 V,
447 1673 471 1718 s,
489 1657 531 1711 58.

188 1755 258 1807 Nor.
282 1759 331 1816 rio
349 1771 404 1824 seq.
424 1753 514 1808 Multo
533 1773 606 1809 nunc
622 1753 717 1827 plura,
737 1772 818 1827 quarn
834 1773 893 1826 quae
913 1772 929 1807 a
947 1752 1121 1808 mendicitate
1138 1745 1227 1826 ipsum

152 1837 260 1908 possint
272 1849 361 1890 tutum
379 1849 521 1908 prestare,
534 1837 586 1890 sibi
603 1850 678 1910 optat
697 1839 841 1891 Neruius:
854 1855 913 1908 que
924 1848 987 1890 sunt
1002 1850 1065 1890 vota
1079 1838 1122 1892 nel
1135 1836 1230 1890 stolidi

151 1917 274 1974 bominis
289 1919 370 1990 (vide
387 1918 423 1973 ad
440 1939 480 1974 rs.
493 1925 542 1985 64,
560 1920 626 1990 65);
643 1921 686 1974 vel
703 1921 793 1974 mollis
808 1939 839 1974 ac
854 1919 976 1985 delicati,
992 1921 1052 1991 qui,
1068 1922 1095 1974 in
1110 1921 1159 1974 tali
1173 1940 1230 1974 aro

157 2023 190 2059 ac
204 2007 265 2060 vite
284 2005 395 2077 genere,
406 2005 553 2058 multarum
566 2025 650 2079 opum
661 2023 804 2077 rerumque
816 2003 934 2076 indiget3
949 2005 993 2058 rel
1007 2003 1124 2076 denique
1135 2006 1230 2069 faceti,

155 2088 205 2160 qni
223 2087 338 2142 ridicula
354 2089 500 2160 ineptaque
512 2089 655 2142 hominum
668 2102 731 2143 rota
747 2087 877 2142 imitatur.
900 2087 1036 2141 Posterior
1054 2088 1124 2141 ratio
1138 2089 1231 2142 ceteris

151 2183 283 2244 praestare
298 2170 416 2227 ridetur.
431 2171 502 2224 Hinc
516 2183 543 2224 et
554 2189 628 2238 mox,
641 2191 681 2225 vs.
701 2174 751 2236 146
766 2189 821 2243 seq.
834 2170 924 2244 lepide
934 2169 1001 2224 dicit
1011 2172 1136 2224 Narolns
1145 2190 1152 2224 τ
1162 2175 1231 2242 soffi-

150 2255 223 2305 es'mst
237 2257 434 2324 loec,quarsdn,
454 2253 690 2326 quandoquidem,
709 2255 851 2325 quoniam,
868 2272 927 2326 qua
940 2252 1009 2306 dura
1027 2253 1075 2306 sati
1087 2253 1230 2307 necessitas

149 2351 210 2404 eat,
221 2359 269 2408 ego
277 2359 377 2408 pauper
385 2358 428 2390 ero
436 2353 537 2390 :venem
546 2341 698 2400 miserabile,
709 2355 752 2387 nec
759 2357 812 2406 spes
820 2337 857 2388 itis
866 2339 962 2397 saltem,
970 2353 1004 2388 ne
1013 2335 1111 2388 horum
1120 2335 1230 2407 quidem

146 2441 214 2494 spes
231 2422 300 2475 mibi
317 2434 370 2488 est,
388 2424 483 2491 t'igr'nti
499 2423 577 2475 millia
594 2420 793 2488 sestertiorum,
802 2423 895 2490 senus,
913 2419 1009 2473 teneris
1021 2420 1082 2472 loco
1092 2421 1160 2472 mihi
1176 2421 1229 2474 sol·

149 2503 244 2560 nuda
254 2526 306 2578 pro
320 2517 390 2560 sorte
403 2505 487 2560 seueri
505 2503 584 2572 data,
597 2504 654 2557 scil.
667 2501 777 2576 qnando
791 2500 892 2574 figam?

99 2699 104 2706 ,
187 2653 261 2701 Van.
285 2659 343 2707 ιιι.
362 2651 502 2717 Pr'gneribus
517 2667 565 2718 pro
580 2649 729 2716 Pignon'bus,
748 2659 795 2708 rt,
810 2651 860 2710 23,
872 2658 896 2697 et
908 2648 1026 2696 Priscian.
1042 2647 1087 2696 lib.
1102 2648 1152 2708 VI,
1167 2663 1231 2712 quos

151 2745 276 2799 sequutus
286 2751 349 2783 sum.
357 2735 397 2783 sic
405 2736 550 2800 plerumque
556 2733 691 2799 pignerare
701 2732 740 2798 (nt
750 2749 823 2797 supra
833 2735 898 2794 Vll,
909 2734 941 2794 73
952 2729 978 2797 ),
987 2742 1011 2779 et
1019 2731 1102 2780 ubivis
1113 2731 1231 2798 oppigne-

150 2835 212 2867 rare
220 2817 343 2882 scriptum
353 2819 460 2882 reperies
469 2817 576 2866 inlibris
585 2826 645 2864 antt.
657 2816 729 2870 Cous.
739 2816 770 2864 ad
779 2819 817 2864 XI
825 2853 833 2878 ‚
842 2826 884 2874 to.

188 2914 263 2966 Noa.
281 2919 340 2976 141.
353 2915 498 2982 Pt'gneribus
505 2913 609 2979 positis,
619 2909 764 2963 datismihi
774 2929 789 2963 a
801 2909 983 2975 debitoribus,
995 2922 1025 2962 ut
1032 2921 1157 2962 caverent
1165 2909 1233 2962 mihi

151 2996 188 3051 de
203 2997 323 3070 pecnnia
335 3008 429 3048 mutua
443 3014 459 3050 a
472 3014 516 3048 me
530 3007 649 3067 accepta.
667 2997 709 3048 En
722 2993 844 3068 lepidum
855 2992 1005 3058 bominem,
1020 2991 1064 3045 cui
1080 3011 1135 3044 non
1149 2991 1232 3046 modo

151 3097 268 3151 magna,
280 3078 327 3132 sed
341 3091 367 3132 et
386 3091 459 3132 certa
475 3079 592 3150 pecunia
602 3079 628 3131 in
641 3079 740 3151 optatis
758 3077 811 3132 est!
822 3109 855 3118 -
865 3079 1033 3146 Argenripnn'
1043 3079 1053 3146 (
1064 3088 1094 3128 ut
1106 3077 1144 3142 X,
1162 3095 1196 3146 ¹9
1206 3078 1231 3143 ),

151 3183 208 3216 uon
230 3162 332 3227 celati,
351 3181 396 3214 seu
414 3163 514 3233 asperi,
531 3162 587 3215 siue
605 3161 717 3232 sigillis,
739 3173 770 3214 ut
785 3158 859 3232 apud
875 3160 932 3212 Cic.
951 3161 1030 3214 Verr.
1050 3161 1101 3222 IV,
1120 3179 1166 3222 aa,
1178 3159 1227 3218 23.

153 3249 206 3302 uisi
222 3247 320 3312 malis,
339 3245 397 3300 sine
413 3247 516 3312 scoria,
534 3257 566 3300 ut
579 3265 667 3297 aunem
678 3263 769 3312 pirrum
791 3242 865 3316 apud
882 3242 950 3318 ¹3¹5ss-
967 3243 1111 3309 xxxnt,
1132 3250 1187 3307 tet
1204 3248 1229 3296 6.

155 3331 229 3384 Illud
240 3331 321 3384 mam
330 3349 407 3398 gmve
420 3328 520 3384 dicitur
530 3329 602 3382 inira
613 3329 670 3393 XI,
683 3335 712 3393 4¹
726 3346 733 3381 ι
744 3355 755 3375 ι
764 3329 911 3400 Argentum
923 3346 1003 3400 grave
1017 3332 1072 3380 sine
1082 3328 1139 3380 nilo
1150 3347 1232 3398 opere

155 3425 185 3466 et
194 3415 299 3468 nomine
312 3411 456 3478 artificis,·
471 3409 533 3464 Seu.
544 3412 646 3482 Tranq.
658 3431 700 3464 an.
712 3430 771 3485 cap.
787 3429 814 3475 1,
828 3411 878 3464 ubi
887 3412 931 3466 rel
945 3413 1017 3482 Lips.
1041 3413 1160 3471 Vaccula,
1172 3428 1229 3477 quoe

580 3550 807 3570 ΜΕἊΙΜΜΜ

187 3665 198 3693 ¹
218 3663 256 3708 Ita
269 3660 431 3720 Prateuajanr
448 3658 497 3708 hoe
510 3657 614 3706 verbnm
628 3675 670 3706 ex·
715 3656 776 3720 quid
800 3671 828 3703 ao
852 3665 946 3704 certum
968 3653 1030 3700 mibi
1051 3662 1169 3713 statum,
1190 3655 1230 3702 rel

150 3741 248 3806 plicuit.
267 3741 346 3786 Vetus
366 3739 446 3787 Schol.
467 3761 478 3782 ι
502 3738 669 3796 constituam,
714 3748 791 3784 cenas
809 3735 907 3783 divitias
923 3733 995 3782 vobis
1016 3733 1173 3794 adjutoribus
1189 3753 1229 3784 ac·

151 3836 314 3886 componam,
330 3819 450 3866 babeam:
464 3830 505 3868 ant
519 3830 598 3878 certe,
612 3819 670 3883 qnia
714 3817 841 3881 quinam.»
862 3815 890 3864 C.
906 3813 1019 3862 Valesius
1035 3831 1041 3861 :
1061 3813 1177 3873 habebo,
1201 3825 1228 3862 nt

151 3901 182 3947 iu
194 3895 257 3947 ceris
269 3896 464 3966 rotafingnntur
480 3899 547 3963 apud
564 3898 668 3964 templa:
714 3899 746 3956 V,
766 3911 796 3944 ra
808 3913 815 3956 ς
829 3893 902 3962 finge
917 3910 964 3959 pro
977 3909 1058 3960 porse,
1074 3891 1145 3944 habe.
1163 3895 1228 3946 llut-

152 3989 197 4028 aut
211 3977 329 4038 babeam,
342 3976 387 4026 nbi
398 3993 523 4039 maneam,
537 3987 579 4026 aut
594 3993 668 4041 supra
714 3975 809 4040 gersins
821 3978 880 4023 Var.
897 3977 963 4023 lect.
974 3977 1006 4035 V,
1026 3976 1059 4034 5,
1078 3971 1151 4039 ligem
1172 3984 1228 4021 vota

150 4059 221 4124 quod
241 4057 383 4106 incumbam
400 4073 484 4106 senex.
499 4079 510 4100 ι
531 4055 667 4106 Lnbinns:
714 4071 758 4104 sen
780 4071 897 4116 voveam,
916 4055 973 4103 ride
996 4052 1029 4101 ad
1047 4055 1092 4116 Σ,
1116 4054 1158 4102 55.
1179 4054 1227 4101 Sed

150 4162 165 4180 ι
176 4138 331 4188 constituam
344 4173 352 4199 ,
374 4153 541 4202 componam,
563 4135 667 4186 habeom
714 4151 825 4200 quaenam
842 4135 928 4184 erbis
943 4132 1081 4183 rationibus
1096 4149 1146 4180 non
1166 4133 1228 4180 dura

151 4217 354 4268 mamantis
368 4216 522 4282 praesidinm
536 4214 667 4266 lixumali·
714 4217 767 4263 est?
