3042 4984
382 461 449 534 dno
527 451 698 520 sattltAE
714 447 896 516 nEctMAE
911 447 1067 515 SEXTAE
1084 451 1305 517 ANALYSIS.

380 567 638 646 quodam'erndito
652 568 801 624 literatore
815 568 851 624 ud
866 565 1069 625 stabiliendum
1091 565 1263 644 figmentum
1275 568 1366 642 hujus
1383 567 1444 623 rele-

381 662 503 740 gationis
515 660 601 718 fnisse
613 659 769 717 conditam.
782 658 941 716 Adnotatio
954 659 1105 716 lleiueckii
1118 669 1159 718 est
1176 662 1237 717 haec
1249 681 1256 716 ε
1270 661 1359 717 «lton
1375 659 1445 716 facile

381 754 487 811 adduci
499 762 618 829 potero,
635 763 668 809 ut
682 751 815 836 credam,
831 753 906 811 hauc
916 752 1039 811 satiram
1054 753 1200 811 luvenalis
1213 773 1290 824 esse3
1304 753 1444 830 quippein

380 845 552 902 tractatione
565 863 681 900 summe
696 843 771 900 inest
786 845 866 920 quod
880 845 1042 921 displiceat,
1056 858 1086 904 et
1102 867 1119 902 a
1128 846 1230 904 Nostri
1244 844 1445 904 consuetudine

381 940 507 996 alienum
523 937 665 994 videatur.
683 937 829 994 luvenalis
850 938 874 994 si
896 939 979 994 talem
996 940 1145 996 materiam
1161 949 1284 997 tractare
1298 939 1443 1008 voluisset,

381 1031 460 1090 haud
479 1029 567 1088 dubie
580 1031 618 1089 de
631 1029 792 1088 commodis
810 1029 934 1086 militum
954 1031 1099 1106 copiosius
1122 1031 1303 1108 disputasset.
1326 1029 1386 1089 Sed
1408 1030 1444 1088 hic

380 1133 483 1182 auctor
494 1141 582 1198 quam
591 1122 690 1198 jejune
702 1131 831 1178 versatus
842 1133 885 1178 est
898 1121 930 1178 in
943 1141 996 1179 sno
1009 1135 1181 1200 argumento
1196 1123 1368 1181 tractando!
1379 1125 1444 1179 l’ro-

381 1214 471 1272 mittit
489 1214 573 1289 loqui
597 1215 634 1271 de
658 1213 818 1271 commodis
842 1215 1045 1272 communibus
1067 1215 1224 1284 militibus,
1246 1214 1299 1272 sed
1322 1215 1445 1289 loquimr

381 1318 495 1366 tantum
510 1307 547 1364 de
559 1326 628 1364 uno.
642 1307 746 1364 Primis
757 1325 829 1364 vero
845 1307 947 1364 satira
959 1307 1091 1364 renibus
1107 1326 1193 1364 nemo
1208 1305 1387 1378 offendetur,
1405 1305 1445 1380 qui

381 1399 562 1471 meminerit,
579 1411 675 1455 castra
688 1398 790 1474 sepius
802 1397 860 1455 dici
872 1418 928 1475 pro
943 1399 1002 1475 ipsa
1015 1398 1209 1475 expeditione.
1223 1396 1309 1454 Conf.
1321 1397 1445 1455 Ouderad.

380 1493 418 1552 ad
434 1497 540 1551 Lucan¹
559 1494 588 1561 1,
602 1492 672 1563 374.
686 1492 718 1550 si
728 1491 876 1567 expeditio
889 1510 1028 1568 prospera
1043 1502 1104 1563 est,
1120 1503 1207 1567 opto,
1221 1502 1255 1548 ut
1268 1509 1326 1566 ego
1341 1509 1445 1566 quoque

382 1587 511 1644 secundo
524 1585 622 1644 omine
635 1585 697 1659 ejus
710 1583 855 1660 particeps
871 1583 934 1642 sim.
950 1583 1105 1660 Erpeditio
1118 1583 1195 1640 eninr
1205 1584 1280 1640 bene
1290 1582 1444 1656 cederepo·

382 1690 450 1748 test,
467 1689 498 1735 et
511 1691 607 1735 tamen
622 1676 728 1754 singuli
742 1677 875 1734 homines
888 1689 1009 1752 possunt
1022 1695 1083 1734 csse
1096 1675 1232 1732 infelices.
1243 1699 1256 1726 ι
1280 1677 1346 1732 Hoc
1361 1675 1444 1748 itaque

382 1781 426 1828 est
437 1788 553 1845 sapere3
564 1781 594 1826 et
608 1769 759 1846 offendere
770 1779 866 1845 potest
877 1787 941 1826 roc.
953 1781 1067 1843 castra,
1083 1787 1145 1826 nou
1155 1767 1299 1826 felicitatis
1312 1769 1395 1825 notio
1407 1778 1442 1824 to

381 1864 434 1922 ties
444 1864 595 1922 inculcata,

800 2027 1030 2049 mmm

416 2243 448 2290 Ν.
474 2245 503 2292 Β.
529 2239 561 2291 In
582 2239 630 2293 illu
644 2236 779 2293 divisione
801 2235 950 2293 Satirarum
966 2253 1049 2309 qnam
1069 2236 1158 2309 primo
1177 2235 1327 2299 volumini,
1346 2253 1406 2306 pag.
1419 2253 1442 2287 rr

381 2321 560 2395 praefiximus,
574 2323 628 2376 hoc
645 2340 763 2378 nscrn
780 2341 868 2378 suun
885 2322 977 2376 Satira
995 2322 1175 2394 fragmentum
1190 2340 1245 2374 non
1259 2320 1442 2380 indicavimus,

382 2404 515 2478 siqnidem
528 2423 655 2468 ouurus
673 2406 754 2472 liber,
771 2419 802 2461 ut
813 2405 944 2469 diximus,
958 2417 1012 2460 tm
1027 2405 1150 2470 ultimas,
1166 2423 1262 2477 nempe
1278 2405 1442 2470 x111,XIV,

379 2489 445 2550 XV,
469 2487 674 2561 complectatur.
699 2487 778 2540 Hauc
794 2486 954 2540 divisionem
971 2486 1131 2542 retinuimus
1154 2487 1231 2541 inviti
1250 2486 1375 2559 quidem,
1392 2486 1442 2557 qnia

381 2573 421 2628 ibi
432 2573 509 2625 nulla
520 2574 620 2626 mentio
630 2572 710 2644 hujus
724 2572 794 2626 XVI
807 2570 899 2626 Satirae
911 2583 1039 2643 tanquam
1053 2571 1154 2626 ultime
1168 2571 1288 2627 daretur.
1308 2571 1360 2626 sed
1373 2589 1441 2642 quum

381 2655 476 2710 eadent
491 2674 587 2709 manca
599 2669 679 2720 esset,
698 2673 785 2728 neque
800 2653 927 2708 iuvenali
941 2655 976 2706 ab
995 2655 1120 2709 omnibus
1138 2657 1223 2727 plano
1237 2657 1299 2728 jure
1320 2653 1441 2708 adscribe

382 2753 467 2805 retur,
482 2739 619 2794 noluimus
626 2751 691 2792 tnnc
701 2737 756 2797 itti,
770 2737 845 2790 velut
858 2735 919 2790 aliis
933 2735 1057 2808 integris,
1069 2757 1211 2792 numerum
1223 2751 1249 2792 et
1265 2737 1383 2792 ordinem
1394 2757 1440 2790 oer-

382 2829 439 2874 tnm
452 2821 601 2891 assignare;
613 2839 677 2892 ergo
685 2821 714 2873 in
722 2817 921 2891 computatione
931 2819 1027 2891 prima,
1036 2840 1124 2894 neque
1135 2822 1230 2886 obliti,
1241 2841 1329 2894 neque
1337 2834 1439 2875 errantes

380 2904 539 2958 volebamus
552 2903 687 2968 omittere;
700 2901 764 2955 satis
774 2903 831 2956 fore
846 2903 912 2966 reti,
925 2903 1063 2957 sitantum
1081 2905 1109 2958 in
1123 2904 1177 2959 fine
1195 2906 1277 2979 hujus
1287 2905 1372 2978 quinti
1387 2903 1439 2957 libri

381 2986 513 3042 rationem
522 2987 599 3040 illins
608 2984 755 3041 inserendo
765 2984 948 3041 redderemus.
960 2987 1013 3041 En.
