2992 4984
300 477 917 564 samuannctuacumra.
978 513 982 526 ·
1083 481 1144 569 375

88 595 132 660 Et
144 614 207 660 sua.
225 591 388 682 Quisnam
406 593 582 666 hominum
598 596 731 666 veniam
749 597 844 686 dare,
864 599 980 692 quisve
996 599 1144 668 Deorum

89 701 218 771 Viribus
233 701 389 774 abnuerit
406 702 479 774 dira
494 719 594 800 atque
613 706 772 778 immania
786 710 904 802 passis,

87 813 131 879 Et
143 811 258 904 quihus
272 811 406 882 illorum
423 830 581 912 poterant
600 817 774 910 ignoscere
790 843 919 906 manu,
1098 837 1146 890 105

85 923 234 1012 Quouun
248 924 447 1018 corporibus
462 927 709 998 vescebantur?
728 927 849 999 Melius
863 955 925 1000 nos

83 1032 223 1102 Zenonis
240 1050 406 1128 praecepta
426 1051 587 1124 monent;
606 1063 670 1107 nec
687 1039 779 1108 enim
796 1042 927 1125 omnia,
948 1041 1098 1136 quaedam

84 1141 149 1208 Pro
159 1141 223 1210 vita
235 1140 390 1216 facienda
404 1159 499 1238 putat
514 1170 521 1213 :
540 1145 597 1214 sed
611 1150 779 1218 Cantaber
794 1150 884 1219 unde
924 1141 928 1148 ’

82 1252 226 1339 Stoicus,
244 1253 374 1346 antiqui
387 1255 570 1347 praesertim
582 1270 677 1326 aetate
688 1256 840 1327 Metelli?

83 1364 182 1433 Nunc
194 1377 284 1432 totus
298 1364 416 1434 Graias
430 1379 627 1459 nostrasque
645 1367 747 1436 habet
763 1369 857 1438 orbis
872 1370 1030 1440 Athenas.
1097 1405 1147 1439 tto

83 1469 189 1540 Gallia
202 1470 385 1544 causidicos
398 1471 514 1544 docuit
526 1473 670 1546 facunda
684 1476 866 1548 Britannos
880 1505 888 1546 :

82 1581 132 1648 De
145 1579 366 1650 conducendo
379 1580 529 1675 loquitur
540 1584 610 1676 jam
627 1585 762 1654 rhetore
775 1586 895 1656 Thule.

129 1689 258 1760 Nobilis
271 1688 326 1760 ille
340 1706 454 1760 tamen
468 1692 631 1786 populus,
648 1719 749 1788 quem
767 1695 930 1781 diximus3
947 1711 981 1764 et
997 1719 1058 1789 par

81 1801 211 1871 Virtute
228 1816 327 1895 atque
339 1801 426 1888 lide,
444 1801 503 1872 sod
517 1803 624 1895 major
639 1803 733 1874 clade
744 1807 916 1900 Saguntus

81 1907 157 1980 Tale
171 1909 251 2003 quid
265 1925 407 1981 excusat.
421 1913 578 1982 Maeotide
593 1915 710 1984 saevior
723 1939 794 1984 ara.
1099 1933 1146 1984 1¹5

82 2021 264 2115 AEgyptus:
283 2021 408 2115 quippe
424 2019 479 2090 illa
495 2020 631 2092 nefandi
645 2025 788 2093 Taurica
801 2026 886 2094 sacri

80 2131 249 2200 Inventrix
263 2131 415 2200 homines
429 2131 492 2226 (ut
502 2133 589 2224 jam,
611 2156 684 2224 quae
698 2134 846 2202 carmina
860 2132 1013 2218 tradunt,

81 2241 187 2336 Digna
204 2240 272 2309 fide
287 2237 424 2332 credas)
441 2254 572 2308 tantum
589 2239 753 2326 immolat,
772 2240 912 2310 ulterius
928 2241 974 2310 nil

79 2518 144 2556 snos
157 2498 242 2556 etiam
257 2513 361 2554 vorare
374 2515 435 2554 non
451 2497 638 2554 dubitassent.
654 2496 726 2566 Quis
743 2495 910 2552 mortalium
925 2503 974 2550 aut
991 2493 1075 2550 etiam
1088 2493 1144 2548 im-

81 2591 258 2660 mortalium,
272 2589 385 2646 ciribus
398 2599 456 2646 tam
474 2588 598 2646 fortibus
613 2600 643 2646 et
657 2589 689 2644 in
704 2598 795 2644 tantm
809 2585 945 2660 conjectis
958 2585 1102 2662 angustias
1115 2584 1147 2642 id

80 2703 137 2741 non
155 2685 235 2740 ultro
252 2681 516 2760 ignovissetidpse
531 2693 715 2739 mortuorum
734 2681 848 2752 animae,
867 2697 993 2754 quorum
1007 2679 1143 2736 cadavera

78 2775 265 2844 laniabantur,
275 2773 364 2833 credo
373 2774 430 2831 illis
439 2774 553 2832 veniam
563 2784 666 2848 sponte
676 2774 851 2830 annuissent.
866 2773 1009 2848 Equidem
1021 2770 1080 2828 scio
1090 2786 1143 2824 uos

79 2868 176 2924 melius
191 2865 339 2924 institutos
355 2885 416 2924 esse
429 2886 445 2923 a
460 2865 557 2924 stoicis
570 2864 766 2940 philosophis,
782 2875 811 2920 et
828 2883 930 2921 eorum
944 2862 1074 2938 principe
1091 2863 1146 2919 Ze·

79 2979 175 3031 none,
196 2958 248 3034 qui
266 2958 379 3016 tametsi
401 2959 541 3016 concedat
561 2957 604 3014 las
630 2976 689 3014 esse
710 2957 839 3032 quaedam
862 2975 919 3032 pro
941 2958 1001 3012 vita
1025 2971 1144 3012 conser-

81 3052 168 3109 vanda
192 3050 300 3121 facere,
324 3070 386 3110 non
406 3062 502 3108 tamen
522 3049 620 3107 omnia
641 3049 728 3106 licere
752 3061 842 3126 putat.
865 3052 975 3107 Verum
995 3046 1145 3124 quomodo

81 3143 167 3203 Stoici
181 3161 242 3202 esse
257 3143 423 3219 philosophi
435 3143 596 3219 potuissent
609 3141 760 3210 Cantabri,
776 3142 935 3216 praesertim
954 3141 1067 3215 antiqui
1080 3139 1144 3194 Me-

82 3239 137 3294 ruti
150 3235 300 3312 tempore?
311 3237 395 3293 Nunc
412 3237 492 3294 orbis
511 3246 588 3293 totus
602 3235 791 3311 philosophias
808 3253 906 3310 graecae
920 3236 1027 3310 pariter
1040 3246 1070 3291 et
1082 3236 1146 3292 no-

81 3351 165 3388 manae
182 3329 330 3405 preceptis
346 3329 484 3386 abundat.
503 3327 704 3404 Eloquentiam
718 3347 733 3383 a
747 3329 836 3384 Gallis
850 3327 982 3385 facundis
992 3329 1080 3407 Angli
1097 3331 1146 3387 di-

81 3425 219 3484 dicerunt.
244 3423 339 3482 Thule
362 3423 424 3498 ipsa
446 3422 554 3499 cogitat
579 3421 730 3479 rhetoricae
748 3421 925 3496 professores
948 3433 1028 3478 certo
1052 3424 1146 3498 pretio

81 3518 236 3575 conductos
248 3515 327 3590 apud
341 3533 371 3572 se
383 3531 534 3572 arcessere.

120 3611 184 3666 113.
200 3611 344 3664 Vascones
361 3607 463 3683 igitur,
482 3606 518 3663 de
538 3607 643 3680 quibus
663 3606 753 3663 modo
775 3607 909 3682 agebam,
929 3616 959 3661 et
979 3607 1146 3680 Saguntini,

81 3700 182 3758 similoe
194 3699 250 3756 illis
264 3698 436 3756 lenitudine
448 3709 477 3755 et
490 3695 627 3754 fidelitate
639 3697 670 3752 in
682 3699 848 3769 Romanos,
865 3697 931 3754 licat
946 3697 1048 3770 majori
1062 3717 1147 3772 qraanr

82 3795 234 3862 Vascones,
251 3792 332 3850 clade
342 3791 455 3861 effecti,
470 3788 626 3865 ejusmodi,
640 3807 712 3863 quas
728 3790 888 3847 memorari
896 3831 905 3860 ,
917 3789 1148 3847 excusationibus

82 3885 121 3942 uti
140 3885 246 3942 merito
262 3895 399 3960 possuut3
418 3902 478 3940 non
497 3883 566 3940 item
581 3882 726 3959 AEgyptii,
745 3903 872 3958 quorum
891 3883 1044 3940 crudelitas
1058 3883 1150 3940 vincit

83 3977 285 4036 impunitatem
294 3977 453 4036 incolarum
466 3975 639 4032 Chersonesi
650 3975 794 4045 Tauricae,
808 3976 887 4049 apud
899 3994 972 4048 quos
987 3975 1086 4030 Dianae
1100 3993 1149 4030 ara

84 4091 170 4148 prope
180 4071 350 4130 Moeotidem
361 4071 497 4146 paludem
507 4069 618 4126 visitur.
631 4069 677 4125 llli
688 4067 765 4124 enim
777 4067 889 4124 cruenti
900 4063 1031 4122 sacrificii
1042 4068 1148 4123 inven-

83 4174 155 4224 tores
174 4165 220 4242 (si
238 4165 333 4240 poetis
353 4163 516 4240 credimus]
542 4162 674 4219 homines
692 4159 842 4216 immolant
861 4159 1015 4228 duntaxat,
1033 4176 1094 4214 nou
1115 4157 1148 4212 iis

85 4267 245 4330 aaronem,
256 4277 349 4333 neque
358 4268 492 4315 metuunt
498 4256 621 4313 victimae
630 4253 757 4312 infelices
766 4271 802 4310 ne
810 4265 878 4328 post
888 4252 999 4309 obitum
1011 4250 1149 4308 funestius
