3030 4984
316 427 379 504 244
589 421 632 487 u.
660 423 797 488 sunu
826 421 1111 491 ruvuuanrs

312 536 516 610 Numinibus
533 536 690 605 miserum
705 536 869 630 urgebant
883 535 1018 606 Atlanta
1031 539 1155 609 minori

312 647 487 717 Pondere:
504 644 655 714 nondum
671 645 790 740 aliquis
803 647 939 714 sortitus
952 647 1047 717 triste
1064 647 1227 742 profundi

311 757 514 852 Imperium,
529 770 587 824 aut
602 754 712 825 Sicula
725 771 841 824 torvus
856 779 933 824 curn
947 759 1089 851 conjuge
1101 757 1244 847 Pluton3
1351 771 1387 829 ⁵0

310 873 382 941 Nec
402 883 492 956 rota,
510 893 573 938 nec
591 869 717 956 Furiae,
734 891 797 936 nec
812 890 943 952 saxum,
958 882 1015 936 aut
1029 868 1169 939 vulturis
1182 872 1247 940 atri

310 981 431 1064 Poena3
449 977 505 1047 sed
524 977 664 1047 infernis
683 975 805 1046 hilares
822 976 894 1044 sine
911 977 1047 1070 regibus
1065 980 1203 1049 umbrae.

358 1087 562 1181 Improbitas
577 1084 633 1155 illo
649 1087 716 1156 fuit
730 1084 932 1156 admirabilis
944 1111 1028 1159 aevo.

309 1197 498 1270 Credebant
510 1197 578 1265 hoc
593 1196 721 1292 grande
734 1196 827 1265 nefas
844 1211 877 1264 et
893 1211 1002 1265 morte
1018 1196 1197 1292 piandum,

309 1309 344 1376 Si
357 1305 492 1401 juvenis
506 1303 617 1376 vetulo
633 1304 968 1393 nouadsurrexerat,
987 1307 1062 1376 etsi
1351 1325 1385 1382 ⁵5

309 1417 453 1486 Barbato
469 1417 672 1510 cuicumque
688 1440 785 1511 puer,
804 1414 884 1484 licet
897 1417 967 1511 ipse
981 1417 1111 1487 videret

309 1525 410 1596 Plura
424 1526 516 1596 domi
535 1525 647 1620 fraga,
664 1540 702 1594 et
716 1526 858 1620 majores
872 1525 1000 1620 glandis
1015 1553 1162 1599 acervos.

309 1639 393 1706 Tam
407 1631 598 1706 venerabile
617 1649 703 1721 erat,
720 1634 910 1729 praecedere
927 1640 1199 1735 quatuoranuis,

312 1747 497 1840 Primaque
513 1769 574 1839 par
591 1743 676 1812 adeo
691 1768 793 1814 sacrae
813 1743 936 1839 lanugo
951 1743 1106 1816 senectae!

278 1869 280 1874 ’
310 1858 430 1940 Nunc,
444 1856 471 1923 si
487 1854 676 1948 depositum
691 1877 761 1921 non
778 1852 947 1923 inficietur
959 1856 1100 1942 amicus,
1344 1877 1384 1929 60

313 1963 349 2033 Si
364 1961 481 2032 reddat
494 1977 640 2032 veterem
656 1986 733 2032 cum
748 1977 818 2032 tota
832 1965 982 2058 aerugine
996 1963 1126 2048 follem,

312 2071 509 2166 Prodigiosa
524 2069 606 2140 fides
622 2086 655 2140 et
667 2072 785 2142 Tuscis
799 2072 902 2168 digua
917 2070 1053 2163 libellis,

311 2185 462 2278 Quaeque
476 2199 639 2254 coronata
654 2182 788 2254 lustrari
804 2185 924 2255 debeat
938 2210 1033 2282 agna.

313 2419 368 2478 diis
393 2376 590 2478 habitantibus
616 2432 794 2493 contentus,
825 2421 930 2480 leviori
957 2423 1088 2498 pondere
1113 2422 1279 2492 Atlantem,
1303 2439 1386 2478 nunc

312 2511 465 2583 miserum,
488 2513 636 2589 premebat
653 2533 660 2569 ε
677 2513 808 2571 noudum
824 2533 859 2571 ex
880 2515 936 2570 illis
955 2533 1030 2571 uuus
1052 2533 1141 2592 regna
1161 2512 1302 2590 profundi
1323 2533 1387 2571 ma·

314 2603 354 2660 ris
378 2616 408 2660 et
428 2615 549 2679 propter
572 2603 714 2679 proeellas
742 2605 830 2661 tristis
857 2605 1045 2682 gubernanda
1074 2606 1166 2664 ductis
1189 2607 1316 2664 sortibus
1338 2626 1386 2666 ac·

316 2704 451 2770 ceperat;
471 2714 532 2751 non
555 2707 622 2751 trux
641 2695 727 2752 Pluto
749 2712 815 2752 cum
840 2698 1012 2773 Proserpina
1037 2693 1130 2756 aiore
1153 2699 1270 2756 umbras
1293 2708 1388 2756 terre—

314 2785 382 2854 bat,
401 2805 496 2862 nsque
511 2788 569 2843 ulla
585 2797 656 2843 rotae
670 2787 810 2858 Ixioneae,
825 2789 991 2860 Furiarum,
1010 2789 1148 2866 Sisyphia
1166 2791 1262 2866 rupis,
1279 2802 1309 2848 et
1328 2791 1388 2849 diri

314 2863 442 2935 vulturis
458 2877 583 2949 mentio;
602 2879 654 2935 sed
673 2879 744 2951 lati,
765 2881 847 2937 nullo
867 2899 950 2957 rege,
971 2883 1072 2939 Manes
1089 2901 1142 2938 suo
1160 2881 1302 2940 arbitratu
1318 2893 1387 2939 ata-

317 2983 376 3028 tem
398 2971 530 3048 agebant.

358 3061 405 3119 53.
427 3067 522 3120 Aurea
538 3064 587 3120 illa
602 3075 699 3135 aetate,
711 3065 840 3139 portenti
853 3065 945 3124 simile
961 3067 1111 3145 quidpiam
1127 3077 1203 3138 erat,
1216 3066 1315 3144 siquis
1329 3083 1386 3124 ne-

315 3171 404 3229 quam
418 3163 447 3209 et
461 3153 619 3228 flagitiosus
635 3155 728 3211 soret:
741 3157 867 3214 immane
881 3169 950 3215 tuuc
963 3159 1054 3216 scelus
1065 3169 1094 3215 et
1106 3159 1220 3234 capitali
1233 3175 1312 3234 poent
1324 3157 1388 3233 ple·

316 3241 454 3299 cteudurn
474 3244 660 3312 censebatur,
681 3243 704 3298 si
725 3243 889 3302 adolescens
907 3248 1036 3304 venienti
1054 3248 1133 3317 seni,
1153 3260 1205 3304 ant
1229 3267 1302 3324 puer
1318 3247 1389 3305 ado·

316 3334 435 3391 lesceuti
457 3334 596 3402 barbato,
619 3336 762 3392 honorem
784 3338 961 3414 assurgendo
983 3357 1043 3396 non
1069 3349 1234 3411 testaretur,
1256 3339 1388 3414 quamvis

316 3437 389 3484 esset
403 3424 507 3496 ditior,
533 3437 563 3482 et
583 3427 723 3500 majorem
742 3427 822 3485 domi
836 3448 894 3485 sun
909 3429 1021 3504 copiam
1034 3429 1198 3506 fragorum,
1217 3429 1388 3506 glandisque

316 3519 505 3595 conspiceret.
517 3520 639 3576 Tantam
649 3520 726 3594 apud
738 3539 788 3576 eos
797 3501 1012 3578 veneratidnem
1023 3521 1174 3580 obtinebat
1182 3533 1248 3579 atas
1259 3533 1388 3597 quatuor

315 3613 453 3669 duntaxat
471 3611 554 3668 annis
572 3614 753 3686 provectior!
773 3613 812 3668 ita
831 3629 1011 3670 succrescens
1024 3614 1152 3688 primum
1170 3614 1260 3671 barba
1281 3615 1386 3672 eodem

314 3705 463 3762 colebatur
485 3716 555 3761 tuno
574 3703 704 3775 honore,
727 3723 787 3779 quo
803 3715 934 3762 senectus
953 3717 1050 3762 sancta
1069 3705 1147 3782 apud
1166 3723 1219 3763 uos
1242 3705 1385 3766 afficiturl

313 3798 398 3853 Nunc
411 3798 436 3852 si
454 3797 613 3871 depositam
634 3797 784 3872 pecuniam
800 3799 906 3855 amicus
926 3817 986 3855 uon
1004 3798 1142 3876 deneget,
1160 3817 1387 3876 crumenamque

313 3902 380 3944 curu
401 3888 525 3944 nummis
551 3889 590 3945 ob
611 3900 783 3945 vetustatem
807 3889 941 3966 rubigine
966 3891 1079 3948 ac·sitn
1098 3891 1209 3952 detritis
1237 3893 1386 3963 restituat,

314 3988 481 4054 portentosa
492 3979 537 4034 illa
554 3980 728 4053 praedicatur
745 3998 805 4037 esse
819 3979 954 4052 fidelitas,
972 3994 1000 4040 et
1017 3983 1103 4060 digna
1121 4002 1184 4058 quae
1198 4001 1265 4040 rum
1281 3983 1385 4042 ceteris

314 4067 456 4144 prodigiis
472 4069 502 4124 iu
518 4069 609 4126 libros
625 4073 812 4128 Etntscorum
827 4072 1011 4148 haruspicum
1028 4074 1187 4143 referatur,
1210 4074 1384 4149 immoque

314 4161 403 4219 instar
415 4159 534 4218 inauditi
546 4165 667 4220 monstri
681 4165 766 4221 certis
778 4162 937 4236 sacrificiis,
954 4177 987 4222 ut
1004 4184 1076 4243 agna
1093 4163 1214 4224 floribus
1229 4176 1383 4238 coronata,
