3074 4990
403 433 456 498 tn
479 432 712 498 ssrmsn
735 421 929 502 nonan.
1162 441 1204 517 43

125 567 141 599 a
156 565 201 598 nte
213 543 268 618 ipsi
284 546 423 619 imposito.
433 578 468 588 -
478 552 512 597 Et
524 549 601 608 ulter,
620 546 665 611 qni
680 547 769 596 multas
777 547 861 614 socies
877 550 925 599 cito
938 553 1038 619 fingam
1056 565 1122 606 notu
1141 553 1207 605 neh.

123 642 180 686 est:
193 655 207 676 a
217 631 272 684 Hic
283 633 375 704 pictor
389 630 554 704 designatur,
567 629 615 702 qui
632 628 761 699 imagines
773 647 805 683 ex
817 623 919 702 argilla
931 635 974 686 rel
988 655 1048 690 cera
1059 636 1150 704 fictas,
1163 637 1206 690 vel

123 715 206 766 etiam
215 715 326 766 tabulas
335 716 474 788 pingebat.
488 716 536 768 llae
544 713 689 785 imagines,
698 714 846 784 presertim
855 715 934 780 lares,
944 718 1035 772 colore
1044 721 1101 786 rili,
1110 721 1207 784 rubro,

121 797 196 851 flavo
206 809 254 850 sut
265 798 345 870 nigro
356 799 453 852 leviter
462 797 575 870 ideoque
587 799 634 848 ciro
648 797 723 868 pingi
732 798 864 853 solebant.
876 799 917 852 Ad
927 799 981 854 hoc
992 821 1060 875 opus
1068 805 1207 860 habebant

123 899 216 934 servos
237 881 357 953 pictores
379 881 475 948 rudes,
494 881 586 953 quales
604 880 689 934 nostri
709 895 809 936 vocant
827 888 1003 939 bariouilleurs
1019 891 1184 958 d'erseigner.
1195 915 1206 936 .

126 966 214 1016 Facies
228 964 355 1020 virorum
369 966 517 1020 illustrium
527 964 570 1019 rel
582 966 716 1036 majorum
732 984 863 1020 meorum.

161 1134 234 1180 Vn.
254 1135 315 1190 146.
333 1135 436 1199 dissita,
455 1135 488 1196 8,
505 1134 573 1182 unde
588 1132 684 1182 maltha
697 1131 782 1198 facies
796 1134 880 1211 pingit
900 1138 965 1197 conj.
985 1136 1051 1186 Pitb.
1072 1147 1097 1185 et
1117 1139 1206 1188 rectius

127 1216 400 1286 maltissaciessmgr't
410 1218 510 1268 Salmas.
525 1220 611 1268 Exere.
623 1219 685 1268 Pliu.
695 1235 721 1284 p.
738 1236 795 1285 109.
805 1221 876 1270 eonf.
889 1221 920 1269 de
932 1221 1027 1270 molita
1039 1222 1161 1272 llrrduiu.
1175 1224 1206 1272 sd

128 1300 192 1348 Pliu.
202 1303 243 1360 11,
258 1311 306 1359 rot
317 1319 362 1350 sen
373 1304 431 1352 ros.
441 1302 546 1368 ringor,
560 1319 599 1362 ro,
612 1319 652 1363 11,
668 1319 712 1362 rr,
726 1312 836 1366 ιιι-87,
850 1305 968 1366 45-50,
979 1305 1208 1370 ensem-69,

132 1399 174 1443 71,
189 1401 239 1444 72,
252 1385 296 1444 73,
312 1388 357 1446 76,
369 1401 411 1448 77,
424 1398 449 1435 et
461 1402 547 1434 omnes
559 1386 639 1436 Codd.
652 1387 727 1434 Paris.
743 1402 757 1434 e
769 1387 859 1450 quibus
870 1387 933 1435 illud
947 1405 1014 1436 nunc
1025 1389 1141 1438 revocari
1151 1405 1208 1436 curu

127 1468 192 1518 deb.
203 1469 304 1534 Pingit,
318 1472 348 1531 8,
362 1473 404 1533 75.
418 1472 514 1537 Fingit,
528 1473 579 1532 56,
590 1487 639 1533 7ο,
652 1473 699 1533 82,
713 1471 782 1534 quod
792 1472 873 1536 aptius
881 1472 961 1520 rideri
976 1482 1074 1538 potest,
1084 1483 1112 1521 ut
1120 1471 1209 1536 plastes

130 1551 290 1616 designetur,
307 1555 351 1618 qui
364 1573 397 1604 ex
410 1573 462 1606 uno
475 1555 592 1616 modulo,
607 1556 646 1604 vel
658 1554 792 1620 archetypo
805 1555 895 1603 multas
903 1553 999 1621 jacies,
1015 1573 1060 1604 seu
1076 1565 1149 1620 typos
1162 1554 1209 1603 cito

128 1634 210 1698 (quod
218 1637 310 1700 pictori
324 1638 408 1688 miuus
419 1640 555 1707 congruit)
567 1640 705 1704 exprimere
717 1649 742 1686 et
757 1649 838 1703 potest
850 1649 874 1686 et
884 1639 954 1688 solet.
967 1639 1038 1688 Cous.
1049 1639 1148 1687 Selinus.
1161 1638 1209 1686 loc.

127 1717 198 1766 laud.
210 1719 277 1768 Hinc
287 1720 347 1768 oliru
359 1739 517 1788 seposueram
521 1721 620 1792 fingat,
635 1722 702 1786 quod
716 1722 773 1770 usui
788 1722 877 1787 liuguae
891 1723 1080 1772 convenientius
1097 1733 1141 1770 eat.
1161 1721 1209 1770 Sed

129 1802 182 1850 vid.
198 1803 295 1854 Cotum.
312 1833 348 1843 —
364 1806 504 1875 Sufficiens,
523 1811 565 1867 25,
582 1825 624 1870 27,
639 1807 756 1867 46-50,
769 1807 818 1865 54,
836 1805 883 1864 55,
898 1807 1015 1866 67-63,
1029 1807 1149 1868 65-69,
1167 1821 1209 1866 71,

130 1901 173 1945 7²·
186 1885 335 1954 Sufficiant,
348 1892 389 1951 73,
400 1906 440 1952 77.
450 1892 539 1940 l’srunr
550 1891 659 1939 interest.
670 1889 792 1938 Nonnulli
803 1890 997 1954 interpungunt:
1009 1888 1140 1956 Sufficiunt
1150 1887 1208 1935 inec.

132 1970 240 2031 Quando
252 1987 298 2036 ego
306 1988 407 2036 pauper
419 1979 481 2022 eror’
498 1973 547 2024 hoc
559 1984 595 2022 est
606 1973 649 2040 (ut
662 1972 764 2037 exponit
774 1973 806 2020 Η.
817 1971 964 2037 Valesius),
977 1972 1077 2036 qusndo
1093 1965 1128 2019 sd
1144 1969 1209 2018 hunc

131 2063 312 2115 paupertatem,
323 2072 367 2103 seu
378 2055 410 2103 ad
421 2055 473 2104 baec
482 2071 556 2120 parra
566 2065 590 2103 et
601 2071 678 2120 penca
686 2054 843 2119 perveniam,
852 2069 884 2102 ne
893 2070 999 2119 semper,
1009 2065 1037 2103 ut
1046 2070 1126 2110 nunc,
1136 2053 1209 2116 inops

130 2143 158 2180 et
166 2133 315 2199 egenssim?
597 2135 600 2142 ’

165 2229 237 2284 Nor.
259 2236 310 2296 146
323 2251 379 2304 seq.
399 2235 530 2306 Sufficiunt
541 2235 604 2297 ioee,
616 2246 667 2287 etc.
685 2233 765 2288 Conf.
778 2250 860 2303 supro
871 2231 906 2285 ad
922 2251 962 2287 rs.
978 2239 1028 2296 tio
1045 2252 1100 2306 seq.

164 2327 238 2382 Nor.
261 2335 320 2399 147.
343 2333 467 2396 Quando,
483 2328 720 2402 quandoquidem,
739 2326 881 2400 quoniam,
901 2348 946 2397 ego
959 2349 1058 2398 pauper
1075 2349 1130 2391 ero,
1149 2346 1208 2399 quse

128 2407 199 2463 dure
211 2411 263 2463 tasi
274 2413 416 2466 necessitas
430 2425 478 2466 est.
493 2414 585 2478 Quum
596 2430 701 2484 pauper
709 2430 756 2466 ero
765 2424 793 2464 et
802 2410 891 2482 potiar
902 2429 985 2484 supra
996 2411 1090 2477 dictis;
1102 2413 1137 2465 Η.
1150 2413 1208 2462 Va·

127 2492 176 2546 les.
196 2495 292 2560 Quem
305 2494 354 2548 diu
369 2515 473 2568 pauper
485 2515 544 2558 cro;
557 2496 624 2548 sch.

162 2590 237 2643 Nor.
259 2593 310 2654 148
324 2611 379 2664 seq.
399 2593 496 2663 lepide
512 2591 592 2655 dicit,
608 2591 756 2643 Fortunam
767 2591 820 2644 sibi
833 2609 911 2644 aures
925 2608 986 2644 cera
1000 2591 1126 2646 obturare
1136 2592 1207 2662 (quo

127 2691 209 2726 sensu
224 2673 309 2728 Orid.
326 2694 360 2729 ex
377 2675 406 2729 P.
422 2676 464 2739 11,
481 2676 513 2738 8,
526 2677 572 2739 283
592 2678 674 2748 Prop.
687 2675 731 2739 11,
746 2679 796 2739 16,
811 2675 858 2740 48,
875 2688 902 2728 et
917 2674 965 2727 alii
981 2672 1015 2728 de
1029 2673 1096 2738 diis,
1116 2691 1208 2745 preces

128 2775 162 2810 ac
169 2769 237 2810 vota
248 2777 306 2810 non
316 2757 537 2824 exaudientibus,
548 2777 593 2812 eos
604 2762 630 2810 in
640 2773 701 2810 noea
716 2761 801 2809 surdos
812 2779 863 2810 esse
873 2759 917 2813 vel
926 2761 1000 2809 surdo
1012 2777 1073 2808 anre
1085 2759 1208 2824 negligere

123 2845 246 2912 preces),
258 2842 392 2914 simulque
402 2841 474 2896 ridet
488 2843 609 2896 fabulam
619 2841 653 2896 de
663 2844 772 2916 Ulysse,
785 2842 845 2914 qui,
859 2861 892 2896 ne
903 2855 977 2893 cantu
988 2843 1077 2899 Siculo,
1090 2838 1144 2892 hoc
1155 2851 1208 2902 est,

126 2925 255 2978 Sirenum
267 2927 404 2997 (quarunt
414 2923 490 2978 sedes
508 2937 566 2978 erat
579 2944 664 2996 prope
677 2924 865 2978 Surrentinum
880 2925 924 2977 rel
934 2923 1061 2976 Pelorum
1070 2933 1207 2993 promont.

128 3009 251 3079 Sicilire)
264 3009 429 3073 alliceretur,
445 3009 535 3062 Circes
549 3008 664 3062 consilio
681 3010 783 3076 remiges
797 3027 845 3061 seu
858 3009 946 3062 socios
960 3010 1047 3059 surdos
1064 3003 1141 3072 lecit,
1158 3025 1207 3059 au·

128 3093 206 3146 ribus
221 3111 287 3145 cera
302 3083 431 3155 occlusis,
448 3104 475 3145 et
492 3110 519 3144 se
532 3091 621 3164 ipsum
642 3090 677 3144 nd
695 3093 796 3144 mulum
816 3093 892 3146 nevis
911 3092 1018 3162 alligari
1033 3091 1127 3163 jussit3
1145 3090 1208 3145 ride

131 3179 213 3230 Hom.
233 3175 330 3250 Odyss
342 3198 376 3248 μ,
393 3176 427 3244 39
445 3195 501 3247 seq.
522 3180 674 3238 166-200,
686 3187 712 3228 et
728 3177 830 3248 Hygin.
846 3177 901 3230 rab.
920 3177 978 3231 125.
994 3177 1034 3230 De
1051 3196 1116 3230 vero
1129 3196 1207 3230 sensu

132 3263 219 3335 mythi
229 3261 264 3317 de
273 3265 405 3326 Sirenides,
416 3262 503 3314 tribus
513 3261 609 3333 petris,
621 3259 684 3314 vide
697 3261 843 3314 Hermann.
853 3261 971 3335 Mythol.
983 3274 1047 3314 tom.
1059 3261 1087 3324 1,
1099 3281 1126 3333 p.
1137 3261 1206 3332 376;

136 3345 229 3418 Heyue
245 3345 281 3400 ad
299 3345 377 3416 Virg.
396 3349 457 3398 AEn.
475 3347 511 3408 V,
528 3345 581 3407 864
597 3362 652 3415 seq.
666 3356 693 3397 et
710 3343 745 3397 ad
761 3343 887 3416 Apollod.
904 3345 933 3407 1,
951 3343 1009 3409 3,4
1027 3347 1092 3407 etl,
1113 3362 1142 3413 9,
1157 3343 1205 3408 253

135 3427 276 3498 nosquesd
286 3428 336 3482 Sil.
347 3427 416 3492 XII,
427 3427 459 3481 33
470 3411 614 3499 serp—ild
621 3427 680 3480 haec
687 3427 781 3480 ultima
791 3429 872 3481 rerba
883 3427 955 3482 cons.
965 3428 1076 3481 Luciam.
1087 3420 1207 3479 intense.

134 3529 196 3583 esp.
211 3531 250 3564 ss.
268 3513 324 3564 En.

166 3683 238 3731 Vsa.
261 3689 320 3743 149.
339 3677 448 3748 Affigie,
466 3696 505 3739 ro,
521 3698 562 3742 rr,
577 3697 620 3739 12,
636 3689 748 3742 14-27,
759 3681 871 3739 ss—so.
886 3679 999 3738 54-63,
1014 3678 1126 3742 65-69,
1139 3693 1207 3739 71—-

132 3775 180 3828 74,
188 3783 230 3829 77,
239 3777 264 3814 et
274 3766 377 3830 plurimi
388 3764 469 3815 Codd.
481 3765 557 3815 Puris.
572 3765 687 3829 equibus
695 3779 763 3812 nuuc
774 3763 835 3812 illud
847 3762 943 3811 restitui
953 3779 1010 3811 curn
1022 3761 1085 3810 sch.
1097 3759 1208 3829 Affinis,

134 3850 213 3909 mii,
227 3865 276 3910 7ο,
290 3851 331 3910 75,
345 3849 385 3910 76,
396 3849 438 3906 tr,
450 3847 493 3907 82,
504 3848 573 3906 Illas,
585 3851 627 3905 45.

168 3941 237 3995 Nor.
260 3940 319 3995 150.
334 3943 429 3993 Siculos
441 3953 542 3994 cnutus.
553 3941 659 3995 Sirenas
669 3941 781 3994 Acheloi
792 3939 882 4006 fluvii,
898 3952 925 3994 et
936 3940 1072 4012 Calliopes
1083 3940 1209 4013 nymphe

128 4024 203 4077 filias
215 4037 285 4087 tres,
297 4043 365 4096 quas
381 4024 540 4077 fabulentur
553 4024 690 4097 superiore
702 4025 824 4098 corporis
838 4037 914 4096 parte
928 4024 1077 4094 virgineam
1093 4023 1207 4076 fonnem

129 4107 276 4174 babuisse,
287 4109 417 4162 inferiore
428 4109 456 4160 in
463 4108 565 4179 piscem
577 4107 729 4162 desinentes
741 4127 773 4162 nc
784 4121 963 4173 monstrosas;
978 4121 1102 4162 caeterum
1112 4106 1206 4160 dulce·

129 4193 196 4248 diue
205 4207 300 4250 cantus
313 4193 407 4248 solitas
419 4193 528 4249 allicere
539 4205 721 4255 transeuntes,
736 4213 804 4266 quos
818 4192 960 4267 perderent
974 4206 1019 4246 aut
1035 4191 1204 4248 devorarent.
