3030 4984
336 385 419 486 272⁹
491 397 665 464 VARIAE
687 397 983 467 LEC'l'lONES
1006 400 1070 466 ET
1092 399 1248 468 NOTAE

335 522 452 578 dietnsn
470 527 566 591 toea,
585 525 713 580 Phocidis
729 527 833 602 oppido
851 541 878 583 et
892 529 981 584 navali
996 529 1179 600 Delphorum,
1192 527 1267 602 quotl
1285 527 1396 602 in'tlepro

334 607 400 680 ipsis
415 609 526 680 Delphis
540 610 659 680 ponitur.
674 611 707 662 Ei
722 613 816 678 spicula
826 625 854 664 et
866 631 959 666 orcum
974 611 1044 672 deri,
1055 612 1192 666 notissime
1202 631 1244 665 res
1257 624 1303 666 est.

374 706 444 757 Nor.
465 703 507 754 80.
528 703 607 755 Cous.
621 705 725 757 Tibull.
739 707 767 770 1,
781 710 813 770 4,
826 707 911 760 ι5.-
926 709 1051 767 calamos,
1062 706 1179 778 sagittet.
1188 734 1223 746 -
1233 708 1398 758 Puettaeena·

334 789 387 837 trix
398 800 438 840 eut
447 775 548 858 lpreptt
564 787 693 860 ἀγροτέρα.

369 946 435 994 Ver.
454 946 496 993 81.
515 944 590 1011 AEpri
599 945 630 994 ul.
643 945 715 992 etiem
727 943 838 994 llennln.
848 946 894 995 Sed
909 946 1013 1013 AEgeus,
1026 944 1111 1018 Αἰγεύς
1119 981 1127 1009 ,
1136 946 1227 996 'Phenei
1236 956 1311 1010 peter,
1322 961 1335 992 ι
1345 945 1396 1008 qni·

320 1040 323 1046 ’
333 1027 439 1079 ltuttlntn
449 1029 584 1076 Pendionie
596 1031 628 1076 ll.
637 1064 644 1086 ,
652 1028 684 1076 eh
693 1029 747 1076 elii·
759 1031 838 1095 Scyrii
847 1067 853 1090 ,
863 1029 894 1078 eb
905 1032 958 1080 uliie
970 1032 1065 1080 Phemii
1075 1031 1142 1099 (tid.
1154 1033 1235 1097 lleyn.
1247 1029 1279 1078 ed
1292 1027 1398 1093 Apollod.

333 1129 388 1179 peg.
400 1114 448 1174 871
465 1112 547 1177 eqq.),
560 1129 573 1160 ι
584 1113 683 1162 nemine
696 1129 768 1172 vero,
780 1115 848 1177 qnod
863 1115 952 1173 eciem,
964 1115 1077 1182 Neptuni
1088 1114 1154 1163 filine
1166 1115 1256 1164 editur.
1275 1115 1335 1162 llum
1346 1113 1399 1176 qni⁴

335 1195 390 1244 tlem
403 1195 431 1242 in
440 1211 506 1244 mete
515 1199 617 1260 AEgenm
629 1213 655 1244 ee
667 1198 830 1262 precipitem
840 1198 912 1261 eique
924 1197 1021 1246 ‹ledieee
1031 1213 1135 1258 nornen,
1152 1197 1290 1245 fabulentur
1301 1195 1397 1243 Diodor.

333 1281 495 1340 1v‚62,63;
507 1281 612 1330 Peneon.
625 1284 652 1340 1,
663 1295 711 1340 ιι,
723 1281 748 1341 5,
761 1291 785 1328 et
798 1281 889 1344 hygin.
898 1281 914 1328 f.
925 1283 966 1340 43,
979 1296 1108 1341 nonrero,
1121 1297 1176 1329 enm
1188 1291 1316 1346 propterea
1325 1277 1398 1326 lilintn

332 1362 445 1426 Neptuni
457 1363 577 1411 creditum
590 1379 660 1422 esee,
676 1362 743 1427 qnod
760 1363 875 1410 nonnulli
892 1365 1057 1428 auspicentur.
1074 1363 1139 1412 lllnd
1156 1378 1255 1427 qnoque
1273 1378 1336 1410 mure
1349 1377 1398 1409 nou

333 1429 442 1515 Δίγιῑον,
454 1445 498 1494 eetl
514 1441 613 1517 Αἰγαῖοι
628 1446 727 1495 dieitur.
748 1447 794 1492 Fac
810 1454 906 1505 temen,
926 1445 1064 1508 Neptunum
1078 1447 1150 1494 etiem
1163 1443 1237 1508 AEget'
1246 1456 1341 1506 patrem
1350 1458 1399 1490 etto

335 1530 442 1588 editum,
453 1531 504 1579 hue
513 1532 644 1596 appelletio
655 1533 716 1590 Dei,
728 1530 769 1580 oni
780 1546 794 1577 ι
805 1530 886 1594 poetis
897 1530 968 1578 mrtlti
982 1530 1125 1579 tribnnntnr
1135 1529 1192 1586 lilii,
1206 1528 1338 1577 edmodnnt
1349 1527 1373 1574 h.
1384 1526 1400 1573 l.

331 1614 416 1676 ieiune
428 1625 478 1676 eet,
490 1631 521 1663 ne
537 1616 599 1678 qnid
611 1616 708 1681 grevine
722 1613 810 1662 dicem.
829 1615 911 1662 lllnlto
924 1615 1072 1679 exquisitior
1084 1615 1180 1679 vulgate
1191 1613 1266 1661 lectio
1278 1611 1367 1676 AEgoei,
1384 1627 1400 1661 ι

332 1697 408 1746 nohie
419 1699 543 1760 restitute,
560 1715 615 1764 qnte
630 1699 703 1746 etiem
715 1698 742 1746 in
753 1699 877 1764 plerisque
890 1708 955 1748 uerte
968 1699 1046 1750 codd.
1060 1699 1130 1748 nist.
1148 1697 1303 1762 repetiretnr,
1314 1695 1360 1743 uiti
1371 1694 1398 1742 hi

334 1780 505 1848 diphthongon
517 1793 673 1848 reepuerent3
688 1781 738 1830 vid.
749 1783 846 1832 Contu.

369 1876 438 1928 Nor.
458 1875 501 1928 81.
523 1878 625 1926 Tridens
639 1875 741 1948 insigne
753 1875 887 1949 Neptuni,
903 1874 979 1948 qnod
995 1887 1085 1928 temen
1101 1886 1128 1928 et
1144 1875 1232 1928 Nereo
1249 1869 1369 1924 tribuitur
1381 1887 1398 1921 ι

333 1956 409 2029 Virg.
428 1956 537 2012 AEneid.
554 1957 596 2022 ΙΙ,
616 1960 676 2020 418.
698 1987 733 2000 -
750 1963 878 2027 Neptunus
892 1959 972 2013 docte
984 1959 1085 2012 dicitur
1092 1971 1167 2026 pater
1175 1957 1257 2024 AEgoei
1266 1973 1311 2007 een
1324 1952 1400 2006 merit

335 2041 346 2110 (
357 2055 388 2095 ut
399 2040 473 2114 apud
487 2042 582 2096 Horat.
593 2041 648 2096 od.
663 2043 705 2106 ll,
718 2047 763 2109 ι6,
777 2063 805 2106 ι,
817 2043 929 2114 etVirg.
939 2041 1045 2098 AEueid.
1058 2042 1130 2106 ΧΠ,
1143 2041 1195 2094 366
1205 2045 1226 2108 ),
1236 2039 1362 2111 qnoniam
1375 2037 1401 2088 in

333 2145 366 2180 eo
375 2126 511 2198 precipua
519 2125 592 2180 illius
602 2125 676 2180 sedes
687 2139 736 2188 eet,
746 2125 819 2178 unde
827 2139 855 2176 et
864 2127 920 2195 ipse
928 2130 1154 2192 AEgoeusvoeetur.
1166 2123 1221 2178 vid.
1232 2125 1316 2196 intpp.
1326 2123 1400 2194 virg.

332 2209 439 2264 AEneid.
450 2211 503 2274 Ill,
514 2216 556 2280 74.
566 2209 622 2264 Cur
630 2223 774 2280 reropater
782 2207 865 2264 marie
876 2210 1035 2282 appelletur,
1045 2209 1101 2264 vid.
1115 2209 1152 2263 nd
1165 2209 1219 2277 Vl,
1234 2210 1293 2278 394.

367 2368 437 2416 Vnt.
456 2368 498 2416 82.
514 2365 632 2426 Addidit,
651 2369 698 2429 16,
709 2368 752 2418 23.

365 2461 436 2516 Nor.
456 2462 499 2515 8ι.
518 2461 627 2512 Herculis
647 2481 721 2512 aretis
739 2473 767 2514 et
786 2460 891 2531 sagitte
904 2459 999 2516 letales
1018 2477 1051 2516 tc
1069 2459 1216 2517 Philocteti
1227 2458 1300 2516 dono
1318 2457 1400 2523 ἁιιις

332 2542 408 2617 qnod
417 2545 459 2599 vel
471 2562 503 2598 ex
512 2542 614 2616 Hygini
626 2543 680 2596 leh.
693 2560 752 2608 ιοι,
766 2555 871 2597 notum.

367 2639 436 2693 Non.
455 2639 498 2694 83.
513 2640 717 2692 Amamentan'a
731 2641 786 2691 eceli
797 2639 883 2696 lucete
893 2639 1029 2696 dicuntur.

365 2808 432 2855 Vn.
451 2807 493 2867 84.
510 2807 538 2857 Si
549 2783 726 2876 ventinpater,
738 2819 780 2870 ι4.
793 2838 831 2850 -
842 2810 875 2860 Et
888 2811 957 2861 ebert
972 2827 986 2860 ι
1007 2810 1047 2873 ι5,
1062 2819 1109 2873 ι4,
1123 2810 1174 2875 ιδ,
1190 2825 1232 2876 ²7,
1244 2811 1288 2874 46,
1303 2820 1347 2873 lt,
1360 2817 1405 2874 ⁴9»

334 2892 452 2953 54-58,
464 2891 510 2954 60,
523 2895 572 2954 64,
584 2895 627 2942 65.

365 2983 435 3037 Nor.
454 2984 567 3047 84—85.
588 2987 650 3039 Non
673 2999 777 3042 tantum
792 2990 885 3058 jurabit
898 3010 944 3059 per
961 2993 1101 3063 eaputfiiii,
1116 3003 1146 3043 ut
1164 2985 1290 3043 toleban't
1302 3001 1401 3063 patret,

331 3065 392 3131 sed,
401 3067 475 3139 qnod
487 3069 657 3136 horribilius,
668 3089 704 3136 se,
715 3071 841 3145 Thyeste
851 3074 982 3146 exemplo,
992 3072 1217 3128 manducaturum
1227 3073 1276 3126 lilii
1288 3072 1402 3143 sinciput

331 3146 490 3214 adseveret3
507 3149 609 3222 Grnng.
624 3153 764 3214 Comedom,
778 3155 835 3208 ecil.
847 3157 869 3206 ei
881 3157 1004 3210 mentior.
1022 3189 1056 3199 -
1066 3159 1262 3228 Sorcrputfledile
1273 3159 1338 3221 nati,
1348 3155 1403 3206 hoo

330 3243 383 3294 eet,
397 3230 509 3296 flebilis,
525 3234 669 3288 miserandi
685 3236 754 3302 nati,
771 3251 803 3291 nt
820 3241 926 3306 sinciput
940 3242 1075 3291 miserabile
1093 3239 1166 3312 apud
1185 3239 1278 3292 Sidon.
1291 3241 1327 3301 V,
1344 3238 1403 3300 418.

329 3317 440 3382 Sittciput
452 3329 537 3370 totum
548 3332 646 3390 caput,
661 3332 691 3372 ut
703 3321 776 3393 apud
790 3325 876 3378 Plent,
891 3325 965 3378 Men.
979 3326 1032 3392 111,
1046 3346 1069 3390 ι,
1081 3333 1127 3391 4η
1144 3327 1194 3389 lV,
1207 3344 1238 3389 ι,
1252 3328 1298 3394 69,
1310 3325 1345 3377 nl.
1355 3323 1403 3376 etsi

329 3401 439 3473 proprie
451 3402 493 3456 tel
507 3401 646 3456 dimidiam
659 3408 716 3478 ejus
731 3419 834 3479 purtem
843 3408 933 3480 (qunti
946 3411 1104 3476 semicaput),
1116 3409 1159 3461 vel
1170 3409 1288 3481 priorem
1301 3409 1338 3460 ita
1350 3405 1404 3459 dici

329 3497 434 3557 putant.
449 3516 483 3526 -
498 3491 585 3553 Aeeto,
598 3487 771 3542 condimento
783 3493 887 3563 capitit.
897 3525 931 3534 —
941 3496 1051 3558 Phario,
1067 3495 1194 3566 AEgyptio
1208 3517 1214 3545 ;
1229 3513 1291 3545 num
1302 3497 1403 3554 Plures,

329 3585 413 3638 purte
429 3569 538 3642 AEgypti
550 3571 638 3625 insula
649 3572 683 3626 de
694 3591 748 3645 que
760 3575 815 3629 rid.
825 3595 905 3649 supro
921 3575 957 3629 ud
967 3577 1021 3640 Vl,
1036 3577 1080 3638 83,
1094 3589 1177 3629 totam
1193 3578 1290 3647 passim
1301 3578 1404 3648 AEgyp·
1433 3579 1436 3584 “

330 3662 388 3704 tum
404 3651 533 3724 designat.
548 3657 696 3728 AEgyptnm
713 3671 800 3712 autem
819 3675 912 3712 acetum
929 3659 1041 3713 laudent
1054 3661 1175 3713 Martini.
1193 3661 1277 3723 Xlll,
1295 3677 1362 3724 ιιι,
1378 3671 1403 3713 et

327 3733 468 3788 Athenteue
481 3739 522 3801 ll,
537 3741 585 3801 26,
598 3757 644 3793 eeu
657 3743 690 3792 66
702 3742 838 3808 (κάλλιστοι
851 3739 875 3795 tl'
885 3743 936 3807 ὄξος
948 3740 1016 3813 eleut,
1027 3743 1083 3816 peel
1093 3746 1229 3818 Χρύσιππος
1239 3743 1252 3796 ὁ
1263 3745 1402 3815 φιλόσιφος,

330 3815 358 3866 ro'
367 3835 393 3868 τι
406 3817 534 3892 Αἰγύπτιον
545 3823 589 3876 καὶ
597 3821 757 3898 dustein.)

364 3974 433 4024 Vn.
452 3977 496 4027 86.
513 3980 590 4038 Sunt,
606 3982 648 4048 qui
656 3981 681 4031 itt
694 3981 869 4050 Fortunoejam
877 3984 983 4046 casibus,
999 4001 1037 4046 ro,
1052 3995 1402 4050 tn,17,19-²²‚²4··²72

331 4055 444 4119 45-47,
457 4067 499 4124 49,
511 4055 552 4120 50,
563 4062 677 4130 54-69,
688 4075 808 4130 71-74,
822 4082 862 4129 77,
875 4079 899 4116 et
913 4069 991 4117 XXX
1003 4069 1070 4117 ttss.
1086 4069 1161 4117 Petis.
1173 4066 1245 4133 proh.
1255 4068 1402 4130 Aehjenjnt

327 4149 387 4188 unte
399 4150 453 4190 eet:
466 4163 479 4186 ι
490 4143 560 4196 naue
576 4143 706 4200 lectionem
723 4161 832 4200 nostrum
851 4151 965 4214 seeintne,
983 4150 1030 4203 etei
1047 4151 1116 4202 eliter
1135 4151 1260 4218 euphonia
1277 4149 1401 4218 potumi
1501 4153 1502 4222 l
