3036 4984
310 409 366 476 1u
389 409 615 476 srrruru
637 409 966 478 uuuacrurrr.
1113 412 1176 500 1⁵9

113 523 249 589 onmem,
270 537 298 578 et
311 543 371 598 que
382 523 417 580 de
433 544 466 578 eo
484 522 567 578 trudit
578 524 670 578 Valer.
683 509 796 578 Maxim.
809 523 854 590 11,
865 524 880 579 3
891 563 899 592 ,
910 544 936 580 a.
950 554 986 568 κ-
996 527 1037 581 De
1044 525 1089 581 hie
1105 531 1179 598 reguis

112 610 183 658 radis
192 603 236 662 adi
244 608 368 681 lipsium
380 615 476 660 Sarum.
488 627 548 682 pag.
561 611 603 662 60.
614 609 668 662 Eu.

142 704 204 758 Nor.
222 723 304 777 preq.
317 705 386 760 Sunt
398 717 526 776 preterea
535 702 616 758 multi
622 702 692 776 gulae
702 700 889 774 indulgentes,
900 704 948 774 qui
958 704 1074 775 petuma
1082 719 1179 762 mutua

88 823 93 832 ·
114 799 205 858 inrupta
223 789 313 842 lautae
330 801 426 842 emunt
446 787 545 862 dapes,
563 807 688 861 quosque
710 791 819 839 ereditur
839 807 904 856 soepa
927 791 1026 850 allisus,
1048 790 1102 844 hoc
1121 804 1179 858 eet,

114 869 226 942 deeeptus
238 891 308 926 vaur
319 873 518 944 pollicitatione
527 873 689 938 aolutionia,
700 872 728 925 in
738 874 842 924 murello
850 911 859 937 ,
868 872 915 925 ubi
928 871 1045 927 delicata
1057 873 1179 930 verdun·

115 966 151 1006 tur
161 957 283 1027 opsonia,
297 969 324 1010 et
338 957 426 1028 gulosi
439 957 562 1010 bomine·
571 957 727 1028 frequenter
740 953 918 1021 conveniunt,
931 970 1071 1024 exspueret,
1083 971 1115 1010 ut
1124 959 1180 1012 eri·

114 1050 153 1109 gat
163 1040 194 1091 rb
206 1041 239 1094 iis
249 1041 335 1094 senua.
351 1040 430 1094 Cous.
444 1041 540 1094 Horat.
551 1040 632 1094 Satin.
644 1042 672 1105 1,
685 1060 699 1092 a
711 1079 718 1105 ,
732 1057 757 1109 7,
767 1057 823 1112 aeq.
833 1051 859 1093 et
872 1041 958 1112 Epiat.
973 1041 1005 1106 1,
1021 1041 1061 1104 15,
1076 1044 1110 1094 ati
1122 1061 1178 1115 eeq.

116 1121 245 1176 breellum
264 1122 474 1198 frequentabant
492 1123 625 1190 Romani,
643 1122 751 1196 ipsique
769 1124 808 1178 ibi
825 1124 952 1178 emebant
972 1125 1101 1198 apronia,
1119 1145 1180 1199 qun

117 1208 185 1258 terrie
197 1205 307 1280 domurn
328 1205 439 1260 serenda
456 1205 614 1261 trudebant.

144 1303 204 1356 Nor.
224 1319 265 1358 rr.
284 1302 341 1368 Qui
357 1313 462 1355 tantum
475 1303 588 1369 vivunt,
604 1317 631 1356 et
646 1304 738 1359 virere
754 1305 864 1370 volunt,
877 1313 907 1360 ut
922 1306 1005 1360 edunt
1020 1319 1047 1360 et
1062 1308 1181 1364 serviant

117 1387 187 1458 gelen
196 1381 247 1439 brt
261 1387 337 1445 trieri
349 1385 446 1450 κοιλίαι,
460 1389 494 1440 D.
505 1387 607 1440 Paulo
618 1385 654 1442 nd
661 1388 733 1443 Phil.
744 1390 804 1455 111,
820 1409 861 1460 ¹9·
876 1392 919 1445 Cl.
930 1391 979 1445 inf.
989 1393 1060 1459 XII,
1074 1393 1117 1458 50,
1129 1395 1161 1446 51
1171 1413 1179 1460 ς

117 1471 175 1524 (ten.
184 1472 251 1535 vlt,
265 1475 305 1533 16,
315 1482 341 1523 et
351 1473 446 1522 Athen.
457 1469 507 1532 lV,
518 1473 548 1524 1⁵
559 1472 631 1540 (48),
642 1491 704 1545 pag.
719 1472 778 1542 1⁵9,
788 1475 837 1528 ubi
846 1475 928 1529 etiam
939 1474 1087 1530 laudantur
1095 1477 1181 1532 verba

117 1547 264 1609 §emend
278 1549 439 1626 bezprim&
453 1555 522 1626 ἴλιγι
538 1561 584 1606 τῶν
597 1555 676 1608 ἄλλων
692 1556 822 1628 ἀνθρώπων
837 1555 969 1631 dtape'puv,
986 1561 1086 1613 καθόσον
1101 1563 1123 1614 ui
1136 1562 1179 1632 ple

116 1639 188 1704 ζῶσιν,
202 1639 230 1690 ἶν’
243 1639 357 1692 idioma·
378 1639 449 1698 atet:
464 1633 582 1702 ututur,
597 1639 635 1693 ἵνα
648 1642 691 1713 ζῇ,
704 1659 764 1714 que
779 1655 806 1696 et
822 1643 949 1716 leguntur
961 1645 1037 1718 apud
1051 1647 1177 1701 Maerob.

116 1725 164 1778 Sat.
182 1725 224 1788 11,
244 1725 270 1778 8.

144 1821 206 1873 Nor.
227 1837 267 1872 ra.
286 1820 352 1884 Quo
362 1819 424 1891 quia
435 1819 534 1872 horum
545 1819 669 1873 miserior
677 1833 718 1873 eet
727 1833 753 1874 et
762 1821 917 1894 pauperior,
931 1841 964 1876 eo
976 1824 1044 1880 vivit
1056 1830 1178 1896 egregius,

117 1905 162 1958 lroe
171 1918 219 1966 ert,
234 1904 321 1976 magia
336 1904 458 1976 egregie,
473 1905 594 1960 lautino:
611 1905 789 1978 comparatio
808 1904 920 1962 adverb.
936 1920 968 1960 ut
981 1907 1056 1982 apud
1073 1911 1181 1964 Lucret.

119 1991 313 2061 IV,469:rero
323 1989 464 2043 unitatum.
1158 2003 1162 2010 '

148 2087 205 2140 Nor.
225 2087 267 2140 13.
287 2087 342 2152 Qui
357 2104 418 2139 mox
433 2083 469 2139 ad
481 2085 592 2152 inuitae,
612 2085 656 2140 vel
667 2097 813 2140 extremam
828 2084 968 2158 redigetur
979 2100 1180 2161 paupertatem.
1248 2104 1251 2122 ·

117 2172 266 2246 llataplrorre
279 2172 315 2225 ab
329 2171 417 2225 hianti
430 2184 458 2225 et
471 2171 572 2224 rimoao
586 2170 704 2244 pariete,
721 2189 768 2224 eeu
783 2187 864 2223 muro
882 2169 984 2237 ductae,
999 2174 1043 2226 val
1062 2173 1097 2226 ab
1115 2172 1181 2226 tedi-

113 2257 183 2320 fieio,
208 2261 285 2330 eujus
310 2259 391 2311 ruina
413 2259 471 2330 jam
497 2255 637 2330 impendet
660 2267 687 2308 et
710 2255 854 2308 manifesta
874 2267 921 2307 ert.
946 2283 983 2294 -
1008 2260 1180 2324 Perlucente,

112 2355 249 2414 apparente
272 2360 322 2415 per
342 2340 434 2394 rimae.

141 2437 209 2490 Nor.
228 2443 268 2500 14
286 2443 399 2501 Interea,
413 2435 573 2508 priusquam
585 2434 621 2489 ad
634 2434 732 2488 inritae
743 2444 805 2486 eunt
823 2430 927 2486 redacti
936 2469 944 2497 ,
954 2446 1057 2500 gastus,
1069 2435 1181 2506 epulae,

109 2540 173 2593 quae
181 2534 256 2592 gustu
265 2521 423 2591 explorant,
436 2534 553 2588 quarunt
559 2539 609 2586 per
620 2521 703 2570 omniu
717 2521 838 2570 elementa
845 2554 853 2578 ,
869 2533 917 2588 per
929 2533 1031 2581 aerem,
1045 2532 1143 2588 uquam
1154 2529 1181 2570 et

108 2616 219 2658 terram:
234 2605 373 2670 volucres,
386 2603 490 2677 pisper,
507 2604 577 2657 ferae
591 2615 618 2657 et
631 2603 734 2659 fructur
749 2613 826 2654 terrae
840 2599 1044 2671 exquisitionem
1058 2611 1089 2652 ut
1105 2600 1180 2674 upud

110 2689 191 2744 Senec.
212 2690 338 2744 Controv.
356 2689 392 2755 V,
406 2689 481 2763 prael.
501 2686 663 2760 ·Quidquid
683 2687 774 2739 arium
787 2683 898 2751 volitat,
912 2681 1047 2758 quidquid
1063 2684 1180 2758 piscium

111 2785 185 2834 aaut,
204 2772 339 2847 quidquid
354 2773 471 2826 leraram
487 2769 630 2834 discurrit,
646 2769 746 2824 nostrie
764 2768 892 2846 sepelipur
909 2767 1059 2820 ventribus.
1081 2770 1180 2833 Quaere

110 2876 173 2910 nuuc
185 2877 231 2920 cnr
244 2857 336 2912 aubito
348 2857 512 2912 moriamur:
523 2855 656 2909 mortilme
666 2853 791 2907 virimua.
801 2863 809 2888 ¹
818 2879 835 2907 υ.

141 2957 204 3009 Nor.
225 2956 338 3009 15-16.
358 2951 522 3025 Magnitudo
536 2953 618 3026 pretii
629 2970 685 3005 non
697 2949 799 3012 obstat,
818 2965 873 3021 quo
886 2946 975 2998 minue
988 2943 1124 3000 desiderio
1141 2948 1179 3000 ci·
1223 2981 1227 2990 ·

113 3037 197 3092 borum
206 3039 357 3111 capiantur,
369 3057 425 3092 noo
436 3037 534 3090 minuit
545 3035 723 3097 desiderium,
736 3033 802 3104 quin
813 3029 903 3103 potius
914 3027 984 3084 illud
995 3043 1092 3102 auget:
1105 3033 1128 3082 εἰ
1139 3034 1178 3082 iu-

21 3173 22 3188 ,
115 3128 176 3176 uuus
189 3127 313 3185 anmdue,
331 3123 485 3176 accuratius
501 3141 558 3176 reru
573 3118 741 3184 consideret,
759 3119 839 3186 magis
853 3118 899 3167 illa
906 3117 1014 3184 juvant,
1028 3114 1179 3182 delectant,

118 3209 221 3261 amriora
236 3209 270 3261 iio
290 3207 418 3261 videntur
434 3207 574 3278 magisque
592 3217 767 3278 appetuntur,
784 3220 840 3270 qua·
852 3203 943 3282 pluris,
961 3203 1059 3274 majori
1076 3203 1177 3275 pretio,

118 3307 215 3345 emmor.
228 3291 308 3346 Cous.
321 3291 431 3344 Petrou.
447 3290 499 3360 93,
513 3303 540 3344 et
550 3291 643 3344 Seuee.
657 3287 767 3342 Coneol.
781 3284 817 3340 ad
827 3285 906 3340 Hele.
918 3303 941 3338 c.
955 3301 980 3354 9.
1039 3299 1042 3306 ’

148 3435 204 3486 Vn.
224 3455 262 3500 ¹7·
282 3440 424 3496 Accersere,
437 3451 484 3495 aa,
498 3445 543 3496 24,
556 3437 602 3494 fio,
615 3436 656 3492 64.
670 3436 707 3482 De
717 3405 767 3500 igue
777 3433 898 3496 scriptura
911 3429 960 3478 vid.
970 3429 1090 3480 Schelleri
1101 3432 1174 3479 Praee.

119 3519 165 3582 styli
182 3519 241 3570 bene
261 3522 331 3570 latin.
347 3531 408 3570 tom.
428 3523 459 3582 1,
478 3536 534 3585 pag.
556 3521 597 3568 38.

521 3651 753 3675 mmmm

147 3761 156 3787 ¹
172 3755 433 3820 blaleGrangueueeoll.
444 3757 499 3804 Seu.
509 3755 555 3818 Ep.
564 3754 615 3816 89,
659 3769 729 3816 uper,
743 3767 821 3813 unas,
833 3765 917 3808 anser,
929 3749 980 3807 bor,
998 3759 1043 3798 eto.
1051 3749 1091 3798 vel
1104 3752 1177 3800 ulmal

21 3845 22 3858 ¹
118 3833 234 3886 etCouaol.
247 3836 278 3885 ad
291 3835 428 3898 Heluep,
442 3833 613 3898 exponit,per
660 3829 1175 3896 appouianeutedulia,quorumnomina

119 3929 192 3962 amaea
201 3915 264 3964 orbiu
273 3927 346 3964 terre
356 3929 445 3978 eaeque
456 3912 616 3978 longinquio·
660 3911 691 3958 ab
700 3912 786 3960 eadem
795 3911 865 3959 litera
876 3909 1012 3973 incipiunt,
1027 3909 1108 3972 qualia
1118 3921 1177 3959 eunt

120 4009 152 4039 m
162 4005 245 4057 purten
261 4012 307 4044 uec
324 3995 413 4044 melior
427 3993 470 4042 alii
482 4010 488 4041 ε
501 4003 615 4058 querunt
656 3991 748 4058 pallus,
759 3983 864 4054 perdix,
875 4005 962 4055 pavus,
974 4004 1068 4053 perna,
1077 3992 1175 4054 porcel-

121 4086 193 4121 oruuer
199 4074 278 4134 eibos,
289 4091 398 4140 quorum
408 4089 501 4126 nomeu
512 4073 543 4122 ab
553 4089 615 4121 uun·
660 4073 709 4132 lus,
716 4071 803 4136 piscis,
815 4082 860 4120 ete.
868 4072 938 4132 eujus
949 4071 1051 4118 luxuriae
1061 4071 1176 4120 inventor

120 4165 202 4218 quaque
222 4155 343 4222 alphabeti
365 4155 435 4203 litera
459 4154 566 4218 incipit,
588 4164 617 4202 ut
660 4153 805 4204 nomnium
816 4152 892 4214 Geta,
907 4160 969 4198 teate
982 4150 1120 4214 Spartiauo.
