3074 4990
467 459 655 524 sartan
678 457 884 524 DECIMA.

139 568 356 657 Torrentem,
370 588 403 642 et
418 572 510 668 pleni
524 573 753 644 moderantem
768 572 862 645 frena
876 575 1007 643 theatri.

136 677 197 747 Dis
213 677 270 748 ille
284 681 434 752 adversis
448 683 598 778 genitus,
613 682 749 777 fatoque
766 684 917 770 sinistro,

135 787 245 875 Quem
259 805 358 883 pater
372 793 518 880 ardentis
532 817 646 864 massae
661 792 802 888 fuligine
816 792 945 889 lippus,

134 899 164 965 A
177 899 327 969 carbone
341 917 375 970 et
388 902 591 998 forcipibus,
608 903 801 998 gladiosque
818 918 958 999 parante

135 1007 280 1095 Incude,
298 1025 334 1080 et
347 1010 440 1082 luteo
453 1011 607 1084 Vulcano
621 1013 663 1082 ad
679 1013 816 1084 rhetora
830 1015 928 1082 misit

184 1117 357 1190 Bellorum
368 1125 509 1210 exuviae,
523 1125 653 1193 truncis
667 1122 766 1192 affixa
779 1124 914 1216 tropaeis

136 1229 280 1318 lorica,
296 1248 331 1301 et
342 1231 448 1302 fracta
459 1233 499 1304 de
510 1233 637 1304 casside
653 1232 798 1303 buccula
810 1232 983 1327 pendens,

134 1341 179 1408 Et
191 1356 332 1409 curtum
347 1357 480 1412 temone
493 1344 630 1438 jugum,
644 1345 811 1438 victaeque
827 1342 973 1412 triremis
1074 1405 1076 1408 .

135 1448 313 1543 hplustre,
328 1467 361 1521 et
376 1477 510 1522 summo
525 1455 628 1524 tristis
644 1454 798 1548 captivus
812 1454 845 1522 in
860 1477 959 1538 arcu,

136 1559 305 1628 Humanis
322 1561 452 1654 majora
466 1563 565 1632 bonis
580 1563 767 1634 creduntur
783 1589 791 1630 :
809 1562 853 1632 ad
871 1562 944 1632 haec
959 1587 994 1631 se

136 1672 313 1739 Romanus
328 1673 519 1766 Graiusque
534 1697 572 1743 ac
588 1674 751 1744 barbarus
769 1673 995 1768 endopcrator

136 1779 255 1848 Erexit
269 1806 278 1848 :
294 1806 425 1852 caussas
438 1783 640 1852 discriminis
654 1797 754 1876 atque
768 1783 890 1852 laboris
985 1785 995 1796 “

135 1887 222 1958 Inde
235 1889 356 1960 habuit
370 1917 378 1961 :
396 1907 490 1962 tanto
504 1893 612 1986 major
626 1893 722 1964 famae
738 1895 809 1963 sitis
820 1909 884 1980 est,
899 1918 1000 1987 quam
1166 1911 1215 1967 140

137 1997 296 2068 Virtutis.
314 2001 401 2089 Quis
415 2003 507 2071 enim
522 2003 684 2072 virtutem
698 2003 915 2098 amplectitur
931 2003 1053 2096 ipsam,

140 2109 280 2178 Praemia
295 2111 322 2178 si
337 2108 453 2182 tollas?
468 2114 615 2182 Patriam
632 2128 742 2182 tamen
758 2113 874 2182 obruit
889 2111 969 2182 olim

138 2215 259 2288 Gloria
273 2211 478 2314 paucorum,
492 2237 527 2291 et
543 2220 649 2292 laudis
662 2222 818 2317 titulique
836 2222 960 2316 cupido

134 2450 343 2525 suspiciebant.
351 2453 574 2512 Demosthenem
581 2455 714 2530 profecto
721 2457 801 2512 iratis
807 2465 907 2512 natum
917 2473 976 2512 esse
985 2453 1112 2528 Superis,
1122 2453 1215 2510 infen-

136 2543 235 2616 sisque
244 2542 311 2599 fatis
324 2545 471 2618 oportuit,
487 2567 573 2621 quem
586 2567 688 2622 parens
699 2549 795 2624 lippus
805 2549 845 2605 ob
858 2547 931 2603 fumi
945 2545 1094 2622 fuliginem
1105 2556 1133 2600 et
1148 2563 1215 2599 can-

136 2634 233 2692 dentis
245 2635 318 2692 ferri
327 2655 440 2712 massas,
451 2658 521 2714 qums
530 2651 651 2696 tractare
659 2651 861 2711 consueverat,
869 2638 968 2713 jussit,
978 2637 1076 2694 relicta
1091 2634 1215 2704 officina,

136 2728 244 2786 nmini
254 2741 284 2787 et
293 2731 427 2789 carbonis
435 2733 565 2808 squalida
571 2734 706 2805 crassitie,
715 2733 874 2809 forcipibus
884 2744 912 2789 et
919 2732 1035 2798 incude,
1045 2733 1075 2785 in
1085 2747 1141 2804 qua
1152 2730 1215 2805 gla-

137 2822 177 2878 dii
185 2822 417 2896 fabricabantur,
424 2826 461 2882 ad
469 2826 619 2883 rhetorica
628 2826 820 2902 professorem
828 2827 860 2881 in
869 2826 971 2881 ludum
980 2821 1152 2880 litterarium
1164 2821 1215 2876 ire.

177 2916 243 2973 133.
266 2918 313 2972 Ita
327 2919 416 2994 vulgo
430 2937 597 2992 persuasum
614 2919 766 2991 habemus,
779 2919 870 2994 spolia
881 2917 1013 2974 hostibus
1029 2925 1143 2990 erepta,
1163 2933 1216 2970 ex-

138 3010 260 3068 citatum
270 3031 287 3068 e
298 3012 428 3068 mutilata
438 3033 549 3088 quercu
559 3014 734 3088 tropheum,
746 3033 782 3070 ex
792 3032 884 3089 eoque
893 3029 1061 3088 suspensum
1070 3011 1216 3066 thoracem

138 3105 282 3175 ferreum,
301 3116 331 3161 et
340 3105 493 3162 bucculam
509 3107 545 3163 de
559 3107 649 3164 fracta
663 3108 742 3183 galea
759 3106 947 3182 pendentem,
959 3106 1062 3181 jugum
1073 3121 1089 3157 a
1102 3113 1216 3158 temone

140 3213 191 3251 suo
203 3197 357 3268 avulsum,
376 3197 529 3272 dereptum
543 3216 560 3254 e
573 3197 655 3258 rictae
673 3197 753 3254 navis
766 3216 854 3272 prora
871 3207 1088 3264 ornamentum3
1104 3203 1216 3249 erectos

143 3286 175 3342 in
189 3289 433 3364 triumphantium
448 3291 592 3347 honorem
612 3290 752 3359 fornices,
768 3289 800 3344 iu
812 3305 971 3364 eorumque
985 3305 1117 3361 suprema
1134 3294 1216 3358 parte

145 3380 246 3452 positas
264 3399 281 3436 e
300 3399 371 3436 saxo
390 3379 498 3457 effigies
516 3381 713 3457 captivorum
731 3383 805 3453 haec,
817 3381 949 3456 inquam,
967 3379 1063 3434 omnia
1074 3393 1217 3432 summum

144 3469 177 3525 in
194 3471 325 3528 humanis
342 3472 430 3528 bonis
445 3473 578 3530 obtinere
596 3473 823 3548 locum,·iisque
841 3471 977 3527 mortales
990 3468 1027 3524 ad
1044 3469 1122 3542 ipsos
1139 3469 1217 3521 Deos

142 3564 223 3620 evehi
234 3555 423 3622 arbitramur.
436 3567 502 3622 Haec
514 3566 563 3622 illa
573 3578 654 3636 sunt,
673 3585 736 3641 quae
749 3577 783 3623 ut
800 3573 1046 3639 consequerentur
1061 3559 1154 3615 Graeci
1166 3577 1219 3632 pa-

140 3656 212 3713 riter
221 3677 254 3713 ac
266 3658 394 3714 Romani
405 3657 493 3714 duces
504 3659 679 3734 barbarique
688 3659 892 3735 imperatores,
905 3656 979 3712 nihil
989 3655 1119 3711 inausum
1133 3653 1217 3708 inex-

139 3759 315 3824 pertumque
330 3749 531 3824 reliquerunt;
549 3771 610 3806 eam
625 3753 664 3808 ob
676 3771 737 3809 rem
753 3763 797 3808 tot
808 3770 837 3807 se
848 3748 997 3826 periculis,
1013 3757 1057 3803 tot
1068 3744 1217 3802 laboribus

140 3841 327 3915 oln'ecerunt,
343 3861 418 3918 quos
431 3862 519 3900 nemo
533 3845 650 3901 virtutis
669 3844 853 3920 assequendae
871 3861 966 3900 caussa
981 3840 1128 3915 suscipiat;
1143 3838 1217 3894 adeo

140 3945 253 3989 constat
263 3935 398 3991 homines
406 3936 488 3992 famae
499 3955 585 4011 qnam
599 3936 716 3993 virtutis
729 3934 873 3992 avidiores
887 3937 958 3992 esse!
973 3935 1066 4004 Quem
1078 3931 1155 3987 enim
1168 3947 1216 3984 re-

138 4027 246 4100 perias,
261 4027 314 4102 qni
331 4028 471 4087 virtutem
486 4031 591 4100 solam,
607 4029 718 4086 sublata
732 4047 782 4103 spe
798 4028 940 4086 mercedis
955 4047 987 4083 ac
1005 4022 1131 4100 praemii,
1144 4041 1215 4078 con-

136 4121 285 4177 sectetur?
296 4121 487 4178 Haustanen
504 4123 637 4180 bellicam
650 4123 765 4178 laudem
778 4121 847 4178 dum
860 4121 945 4197 pauci
956 4120 1073 4196 quidam
1084 4117 1215 4172 ambiunt

137 4225 330 4289 preponere,
353 4211 555 4272 florentissima
581 4215 699 4291 imperia
725 4233 861 4290 suamque
883 4213 1006 4290 patriam
1029 4219 1214 4278 everterunt,
