3042 4984
100 383 117 400 ·
181 447 234 509 lN
258 445 485 511 SATIRAM
509 444 743 510 DECIMAM
767 443 1009 526 QUINI'AM.
1066 443 1128 508 385

67 559 116 605 vira
132 559 245 623 quaedam
259 562 359 626 Integet
378 561 427 609 uid.
448 559 542 608 Herod.
561 559 602 618 tt,
617 559 669 615 66,
687 560 738 619 673
756 557 847 606 Atben.
866 558 913 606 luc.
930 558 996 608 laud.
1014 559 1040 606 in
1060 559 1132 608 Com-

66 654 135 690 ment.
146 643 178 692 ad
188 661 224 694 vs.
241 661 266 704 ¹3
284 645 406 694 Plutarch.
423 643 454 690 de
467 641 527 690 Isid.
544 653 568 690 et
582 642 673 690 Onlrid.
686 657 742 706 pag.
757 642 821 701 3765
835 642 936 690 Diodor.
955 646 979 700 l,
997 645 1070 701 etII;
1086 643 1133 690 Ja-

66 724 153 774 Ilonsli
167 728 255 778 Pantb.
272 729 371 793 AEgypt.
384 729 436 788 111,
450 725 506 790 3,§
525 726 539 772 3
557 741 607 788 seq.
624 740 680 790 pag.
693 724 744 785 60,
759 733 783 771 et
796 723 909 786 lid—71.
922 725 1052 790 vulgatam
1072 741 1130 774 vero

64 808 187 858 lectionem
196 823 297 860 tuentur
305 813 397 876 Grang.
408 822 432 860 et
441 807 559 874 Scaliger.
574 809 607 856 ad
619 807 710 856 Tibull.
720 808 747 866 1,
762 823 785 868 7,
798 817 844 867 rt,
857 820 881 857 et
891 809 971 872 aptius
985 808 1033 856 sibi
1046 810 1070 857 b.
1084 809 1132 858 loc.

64 905 221 954 opponuntur
227 894 311 958 pisces
323 893 422 942 coemtet
429 931 437 957 ,
452 909 496 941 sen
505 893 580 940 maria
592 901 616 938 et
620 889 741 958 flaminis.
753 890 848 938 Vellem
863 902 943 940 tamen
957 892 1061 942 altorum
1071 895 1132 941 scri·

63 983 154 1036 pturum
165 976 229 1024 locis
239 977 342 1040 probari
348 986 444 1040 posset,
454 975 548 1023 cultum
559 973 663 1038 piscino:
671 973 823 1020 marinorum
831 975 949 1038 AEgyptiis
960 974 986 1022 in
997 991 1042 1022 usu
1051 975 1133 1024 fuisse.

64 1084 95 1094 -
118 1057 219 1106 Cramer
234 1071 338 1120 monet,
357 1069 500 1108 vetustatem
521 1057 635 1106 lcctIonis
653 1057 765 1102 canticos
784 1057 925 1104 testiinonio
945 1055 1041 1106 firmari
1059 1074 1133 1122 posse

65 1143 153 1206 Papia,
170 1143 239 1208 apud
255 1161 328 1208 qoem
342 1161 348 1191 τ
362 1144 481 1191 caensleus
496 1140 573 1190 bestia
587 1141 698 1196 marina,
716 1141 788 1206 plane
806 1152 832 1188 ut
848 1142 875 1188 iu
894 1140 926 1205 gl.
944 1142 1059 1190 Vossiani
1076 1144 1131 1193 MS.

66 1223 123 1272 Cod.
140 1247 151 1268 ι
160 1225 304 1290 Coernlesss,
320 1227 398 1274 bestia
408 1225 502 1272 marina
512 1223 624 1274 quenali
633 1260 642 1285 ,
650 1247 662 1265 ι»
677 1235 779 1272 notante
791 1225 901 1272 Fabricio
916 1225 945 1272 io
958 1241 1001 1272 ore
1017 1225 1075 1274 libri
1088 1228 1135 1274 ani.
1244 1245 1247 1254 ·

66 1306 155 1356 Carolus
166 1325 286 1374 quoque,
302 1320 418 1372 tanquam
430 1307 561 1372 proprium
571 1323 664 1356 numen
676 1308 764 1372 piscis,
778 1308 888 1371 quedam
899 1309 998 1373 antique
1010 1311 1133 1375 exempla·

66 1392 96 1438 n'a
114 1393 248 1454 habetne,
267 1393 327 1442 alter
345 1393 426 1456 rapte
444 1391 514 1440 locus
524 1391 638 1456 sprobare
654 1390 768 1439 videtur:
781 1413 792 1434 ι
804 1392 885 1440 Censli
901 1392 1017 1442 dicuntur
1035 1395 1135 1458 quidam

67 1475 138 1538 pisces
149 1476 179 1522 in
190 1478 330 1541 Egypto,·
345 1474 414 1540 quud
428 1475 449 1521 si
463 1473 563 1522 aliunde
577 1489 675 1539 quoque
687 1471 851 1522 demonstrari
863 1485 957 1539 posset,
972 1491 1024 1524 non
1033 1477 1137 1542 emplius

70 1560 126 1606 toret
136 1569 164 1607 ut
177 1559 209 1608 de
222 1560 328 1608 lectione
341 1558 504 1608 dubitaretur.
520 1557 563 1604 Eo.

97 1653 166 1708 Nor.
185 1673 211 1725 7.
231 1659 286 1708 Illic
293 1660 407 1708 caeruleos
414 1694 423 1718 ‚
433 1655 488 1707 hoc
498 1665 555 1718 est,
566 1653 648 1708 maris
654 1656 741 1723 pisces.
753 1658 847 1706 Piscem
847 1657 977 1725 sturninis,
989 1657 1058 1723 Nili,
1070 1677 1096 1710 ν.
1112 1677 1136 1711 c.

69 1741 103 1790 ris
111 1735 264 1802 λιπιδωτὸν,
276 1743 318 1798 τὴν
330 1743 447 1814 iustus,
459 1741 500 1792 τὸν
513 1738 655 1812 ὀξύρυγχον,
665 1740 704 1790 τὸν
713 1739 785 1791 λάτον
799 1753 825 1792 et
836 1740 871 1793 nl.
883 1739 939 1794 vid.
951 1737 1081 1797 Herodot.
1095 1743 1138 1806 II,

69 1842 113 1894 7²3
124 1825 214 1879 Strab.
226 1825 323 1890 XVII,
336 1843 399 1898 pag.
411 1825 477 1887 8123
490 1826 619 1874 latiensis*
629 1822 726 1876 Pnntlr.
739 1826 799 1894 AEg.
812 1835 877 1877 tom.
889 1825 937 1891 II,
952 1844 1013 1897 pug.
1025 1827 1068 1896 87.

100 1921 168 1974 Nor.
189 1922 216 1975 8.
235 1923 353 1975 Notatur
365 1919 481 1974 ridiculo
491 1920 586 1990 religio
597 1919 753 1982 bominum,
765 1920 812 1990 qui
823 1939 902 1974 canes
914 1923 1018 1988 colant,
1029 1923 1139 1976 comites

71 2003 154 2058 nime
163 2005 321 2066 venatricis,
335 2023 391 2058 non
401 2001 612 2058 verodominnm
620 2022 713 2056 eorum
722 2016 749 2056 et
757 2006 906 2058 venationis
915 2005 1008 2072 deam,
1017 2008 1139 2061 Diouem.

71 2093 183 2144 -Canis
203 2092 233 2144 in
250 2095 368 2164 AEgypto
386 2090 486 2144 animal
506 2107 630 2153 sacruto,
645 2089 717 2161 iupr.
732 2089 915 2163 Cynopolitis,
933 2091 1141 2166 dedicatumque

73 2173 185 2228 Anubidi
197 2175 399 2248 cynocephalo;
410 2172 473 2229 ride
485 2173 520 2227 ad
535 2173 595 2235 VI,
609 2172 670 2235 534.
682 2179 762 2224 Κυνῶν
780 2173 847 2233 ente
863 2175 986 2247 Αἰγυπτία
999 2177 1080 2240 πόλις,
1091 2171 1141 2246 isa}

72 2258 134 2310 nnio
144 2259 155 2308 i
166 2249 265 2318 IsnnGsr
281 2261 396 2329 τιμᾶται,
411 2257 504 2329 Stepb.
519 2254 554 2308 de
569 2253 657 2318 Urb.;
671 2255 826 2308 Lactantius
837 2255 871 2309 de
885 2259 950 2312 salse
962 2260 1026 2331 Sap.
1039 2259 1079 2322 V,
1094 2277 1143 2324 ao,

73 2339 159 2406 tradit,
171 2359 252 2395 canes
262 2341 291 2394 in
301 2353 376 2395 tento
389 2338 462 2412 apud
471 2338 613 2411 AEgyptios
621 2337 725 2390 honore
736 2337 828 2400 tuisse,
840 2353 882 2403 ut,
892 2340 950 2393 siin
960 2341 1143 2413 domoaliqun

75 2425 141 2478 cenis
159 2437 324 2491 moreretur,
338 2442 430 2478 omnes
449 2422 478 2476 in
497 2441 529 2475 ea
549 2433 606 2474 toto
625 2439 738 2493 corpore
754 2420 927 2490 raderentur,
940 2425 1015 2496 qnod
1034 2426 1144 2480 maximi

76 2510 151 2562 luerit
162 2511 251 2564 luctus
271 2508 411 2564 indicium.
426 2506 519 2560 Verba
538 2523 611 2556 nemo
623 2509 730 2556 Dianam
740 2522 879 2558 ueneratur
894 2507 1003 2580 pathice
1020 2509 1103 2580 magis
1116 2521 1144 2563 et

75 2593 181 2655 ironice,
194 2613 276 2666 quum
286 2612 349 2647 vere
362 2591 436 2646 dictu
448 2602 565 2664 putant,
576 2588 649 2661 quod
657 2590 773 2662 AEgyptii
784 2591 914 2645 Bubastin
927 2593 1073 2659 coluerint,
1084 2613 1144 2667 quat

77 2667 167 2748 Ᾰρτεμις
180 2678 337 2732 Grecorum
353 2696 400 2730 seu
413 2677 596 2729 Romanorum
608 2673 696 2726 Diana
710 2672 800 2727 luerit.
816 2675 860 2728 Ita
873 2687 945 2730 certe
958 2675 1086 2730 Bubastin
1100 2678 1143 2730 in·

77 2773 247 2834 terpretantur
262 2760 391 2814 Herodot.
410 2760 452 2823 II,
474 2759 539 2824 156,
554 2757 656 2829 aliique
674 2756 817 2828 scriptores
833 2772 951 2825 veteres,
964 2779 1032 2832 quos
1048 2759 1143 2815 laudat

78 2848 197 2898 iablonski
207 2845 306 2898 Parth.
318 2850 422 2918 AEgypt.
436 2845 495 2907 111,
510 2843 525 2896 3
538 2882 545 2907 ,
560 2853 626 2893 tom.
642 2839 689 2901 ll,
702 2857 765 2911 pag.
781 2840 815 2908 ⁵9
832 2859 886 2914 seq.
905 2841 981 2896 Idem
994 2856 1083 2898 tamen
1102 2843 1144 2899 νίν*

78 2927 165 2982 doctus
178 2929 247 2981 bene
261 2926 295 2980 de
307 2927 361 2980 boc
379 2927 431 2979 loc.
446 2924 515 2978 ibid.
527 2941 589 2995 pag.
605 2921 657 2987 58,
671 2922 709 2974 ita
727 2922 893 2995 disputavit:
905 2927 1015 2980 -potest
1028 2928 1073 2982 bic
1086 2948 1143 2984 etse

79 3011 213 3063 verborum
224 3010 332 3063 illorum
345 3028 453 3072 sensus,
465 3005 568 3080 oppida
578 3005 713 3078 permulta
726 3006 815 3059 colere
826 3027 928 3075 canem,
941 3011 1058 3066 Anubim
1068 3011 1144 3067 vide·

78 3093 147 3158 licet,
158 3095 184 3148 in
197 3093 297 3168 quibus
308 3106 398 3147 tamen
415 3093 506 3146 nullus
524 3090 636 3144 Bubasti
653 3090 696 3143 vel
714 3093 805 3144 Dianoe
820 3094 909 3146 cultus
927 3097 1077 3152 offerretur.
1091 3103 1146 3152 Ant

80 3179 159 3248 potuit
177 3190 260 3251 poete
273 3177 302 3230 id
316 3177 466 3249 intelligere
485 3174 519 3229 de
536 3177 621 3226 Diana
632 3173 789 3227 Grecormn
806 3187 833 3228 et
850 3179 1049 3248 Romanorum,
1066 3201 1146 3235 mon-

82 3261 139 3313 tium
154 3279 348 3332 nemorumque
362 3258 473 3313 custode
489 3271 515 3312 et
531 3269 689 3311 venatorum
706 3256 833 3328 preside,
845 3279 926 3332 quam
935 3280 998 3316 sane
1007 3264 1036 3317 in
1047 3268 1148 3317 Bubasti

82 3363 123 3398 sun
136 3345 272 3419 (symbolo
283 3344 427 3413 novilunii)
437 3341 558 3416 AEgyptii
568 3358 624 3393 non
634 3341 840 3396 venerabantur.
848 3343 928 3399 Forte
936 3347 1018 3400 etiarn
1027 3360 1147 3422 tempore

83 3428 131 3493 illo,
141 3449 192 3500 quo
202 3429 340 3482 scribebut
349 3429 365 3481 J
367 3427 496 3490 utendis,
506 3443 583 3479 sacra
592 3424 734 3490 Bubastia,
748 3426 813 3478 olim
822 3430 957 3502 AEgypriis
965 3449 1042 3486 sacro
1052 3447 1146 3489 saneta

84 3529 228 3586 summoque
238 3512 399 3566 solennitate
412 3529 443 3564 ac
457 3509 550 3562 lotitia
563 3507 709 3572 celebrate,
721 3526 738 3561 u
751 3509 865 3580 pristino
879 3513 1023 3584 splendore
1033 3535 1148 3588 magno·

85 3614 139 3666 pete
156 3596 324 3651 desciverant
345 3597 521 3668 neglectaque
541 3595 676 3666 jacebunt.
699 3592 795 3664 Neque
813 3594 894 3648 etiarn
915 3597 1032 3670 scriptor
1050 3601 1149 3673 aliquis

86 3693 151 3735 etate
163 3682 209 3736 itte
221 3681 315 3755 junior
333 3699 405 3734 nunc
418 3681 486 3734 mihi
497 3677 646 3743 succurrit,
662 3675 707 3749 qui
721 3677 756 3731 de
767 3679 848 3732 sacris
861 3679 934 3733 illius
946 3683 1022 3746 Dete,
1037 3702 1086 3737 ceu
1099 3704 1149 3738 suo

87 3766 219 3820 mannum
233 3785 292 3819 sevo
305 3767 465 3832 celebratis,
480 3766 618 3838 loquatur.
631 3763 692 3815 Non
704 3761 875 3817 mediocriter
886 3765 1065 3837 suspicionem
1078 3770 1151 3825 banc

88 3864 156 3921 anget
166 3851 264 3904 Strabo
279 3851 378 3916 XVII,
392 3869 454 3923 pag.
465 3850 532 3916 3⁵3,
546 3848 595 3902 nbi
607 3847 719 3919 loquens
732 3847 767 3900 de
780 3847 848 3901 urbe
859 3851 978 3903 Bubasto
991 3852 1077 3906 solum
1092 3856 1149 3928 ejus

88 3920 174 3986 nornen
196 3945 407 3997 commemoret,
427 3933 521 4006 templi
542 3951 605 3988 vero
626 3932 729 3985 ibidem
746 3932 852 3986 visendi
869 3937 1019 4008 sumptuosi
1039 3950 1067 3991 et
1087 3958 1149 3996 vere

88 4013 231 4068 admirandi
244 4015 409 4069 mentionem
421 4017 503 4088 plane
516 4017 621 4070 nullam
632 4015 727 4089 injicit.
738 4041 749 4062 ·

115 4161 178 4210 Vn.
195 4179 220 4226 9.
240 4161 423 4230 Aefiaagere,
445 4165 687 4225 10,12‚16-ao,
709 4165 827 4224 aa-aS,
845 4160 967 4228 45-50,
982 4167 1099 4233 54-69,
1117 4184 1148 4232 71

91 4252 167 4304 *7⁴2
185 4261 226 4306 77·

35 4397 36 4430 ,
143 4325 184 4388 ΙΙ.
933 4331 972 4394 25
