3074 4990
453 365 638 451 sirini
660 388 863 456 usnimi.
1135 397 1175 482 ις

114 498 253 581 Eversa,
273 511 309 566 et
327 497 468 569 flammis
488 501 596 568 Asiam
614 499 770 594 ferroque
787 503 968 576 cadentem

113 602 206 671 Tunc
221 603 320 674 miles
334 606 494 678 tremulus
511 609 618 702 posita
634 607 711 678 tulit
724 634 816 680 arma
829 614 927 700 tiara,

110 711 151 778 Et
166 715 236 781 ruit
249 730 328 784 ante
340 741 431 786 arani
444 720 564 788 sumini
578 719 685 804 Jovis,
705 733 744 792 ut
758 721 887 792 vetulus
901 723 977 812 bos,

109 822 178 910 Qui
191 821 325 893 domini
341 825 457 896 cultris
470 843 571 896 tenue
585 843 620 895 et
633 827 817 898 miserabile
831 829 954 900 collum

111 935 261 1022 Praebet,
276 937 318 1004 ab
331 934 463 1032 ingrato
472 938 543 1032 jam
555 939 720 1010 fastiditus
734 958 854 1012 aratro.
1127 981 1177 1034 ²70

109 1045 227 1115 Exitus
246 1045 301 1114 ille
318 1061 500 1142 utcumque
517 1049 687 1120 bominis:
709 1053 767 1122 sed
787 1069 884 1123 torva
900 1055 1019 1124 canino

97 1156 266 1224 ‚Intravit
281 1157 382 1240 rictu,
402 1182 474 1250 quae
493 1158 674 1250 posthunc
692 1162 834 1248 vixerat,
851 1188 945 1232 uxor.

159 1257 298 1334 Festino
314 1266 358 1334 ad
376 1283 523 1353 nostros;
541 1283 575 1338 et
591 1293 703 1365 regem
721 1287 853 1342 transeo
872 1276 989 1362 Ponti,

113 1377 156 1444 Et
165 1377 339 1460 Groesum,
354 1399 455 1469 quein
468 1401 534 1444 vox
544 1378 625 1468 justi
641 1379 785 1450 facunda
800 1383 931 1453 Solonis

114 1485 297 1579 Respicere
314 1484 357 1553 ad
376 1485 483 1580 longae
499 1487 598 1576 jussit
615 1488 721 1580 spatia
739 1487 855 1574 ultima
873 1496 958 1563 vitre.
1129 1517 1178 1586 ²7⁵

113 1593 290 1678 Exsilium,
305 1610 340 1663 et
354 1619 482 1679 carcer,
501 1595 819 1693 Minturnarumque
839 1600 992 1694 paludes,

113 1708 158 1774 Et
173 1705 380 1774 mendicatus
392 1705 479 1774 victa
489 1705 691 1800 Carthagine
705 1709 817 1802 panis,

113 1819 204 1886 Hinc
218 1842 347 1886 caussas
362 1817 509 1886 habuere
524 1839 532 1887 ε
546 1818 627 1910 quid
643 1816 698 1887 illo
712 1821 785 1889 cive
799 1821 927 1892 tulisset

114 1929 245 1996 Natura
257 1928 293 1994 in
308 1927 423 2013 terris,
442 1927 524 2020 quid
539 1931 645 1997 Roma
660 1929 788 2000 beatius
802 1955 966 2025 unquam,

88 2113 97 2136 .
114 2039 153 2105 si
169 2035 396 2106 circumducto
415 2038 625 2131 captivorum
639 2040 789 2132 agmine,
808 2056 842 2109 et
855 2041 949 2110 omni
1130 2064 1180 2116 ιιι.

112 2143 284 2214 Bellomin
300 2168 440 2238 pompa,
453 2147 596 2214 animam
611 2146 794 2217 exhalasset
807 2148 970 2242 opimam,

111 2254 227 2342 Quum
239 2254 283 2322 de
292 2255 480 2323 Teutonico
490 2253 591 2324 vellet
602 2254 801 2324 descendere
816 2257 939 2326 curru?

109 2469 241 2516 cerneret
255 2477 401 2526 eversam,
415 2459 571 2533 Asiamque
586 2475 702 2515 omnem
721 2463 890 2517 Graecorum
903 2459 982 2516 ferro
998 2457 1175 2538 flammisque

109 2553 272 2608 vatatam?
285 2554 367 2608 Tunc
378 2551 438 2626 ipse
450 2551 508 2624 jam
520 2551 600 2607 senio
612 2561 736 2607 tremens
747 2552 839 2623 miles,
852 2551 985 2627 deposito
999 2553 1174 2627 diademata,

109 2665 186 2701 arma
195 2645 311 2715 induit;
321 2655 409 2718 atque
415 2655 481 2700 ante
491 2643 608 2699 maximi
616 2643 696 2699 Jovis
706 2662 784 2699 aram
795 2645 943 2701 confossus
950 2645 1073 2716 cecidit,
1087 2648 1176 2704 instar

108 2739 212 2794 annosi
220 2737 317 2801 bovis,
329 2737 381 2810 qui
391 2737 427 2791 ab
435 2746 532 2792 aratro
541 2746 662 2809 propter
672 2746 845 2795 senectutem
858 2747 998 2807 remotus,
1009 2737 1176 2795 immolatur

107 2831 223 2906 ingrato
242 2829 392 2904 agricolae,
411 2837 439 2883 et
454 2827 511 2900 jam
531 2837 711 2901 contemptus
727 2839 813 2885 tenne
831 2845 862 2884 ae
886 2829 1047 2885 miserabile
1069 2831 1175 2886 collum

106 2921 218 2977 domini
230 2922 328 2978 cultro
344 2919 468 2992 subjicit.
484 2924 524 2975 At
537 2919 583 2975 illa
601 2939 695 2988 mors,
710 2919 777 2977 licet
790 2921 977 2991 miserabilis,
993 2930 1087 2978 tumen
1100 2923 1175 2996 ejus·

107 3015 186 3070 modi
199 3023 244 3070 est
255 3032 342 3088 quem
355 3013 479 3069 hominis
493 3023 594 3067 natura
609 3026 667 3066 non
682 3023 811 3086 respuat;
823 3031 924 3069 verum
936 3013 996 3085 ejus
1012 3033 1096 3081 uxor,
1110 3033 1173 3090 que

107 3117 173 3181 post
189 3107 272 3161 illurn
286 3115 330 3161 est
341 3115 468 3173 mortua,
481 3105 629 3180 indignam
640 3103 756 3159 homine
769 3115 893 3162 mortem
905 3104 994 3175 obiit,
1005 3103 1036 3160 iii
1047 3105 1172 3162 belluam

106 3209 220 3253 torvam
234 3213 390 3262 conversa,
404 3206 432 3251 et
449 3213 550 3251 canum
567 3211 649 3250 more
662 3195 776 3252 latrans.

151 3290 217 3359 ηδ.
234 3290 361 3355 Omitto,
379 3299 412 3344 ut
425 3287 507 3344 citius
518 3287 556 3342 ad
570 3289 769 3344 Romanorum
785 3288 915 3362 exempla
930 3287 1044 3344 veniam
1054 3329 1063 3359 ,
1074 3307 1172 3366 regem

108 3380 198 3437 Ponti
208 3382 415 3451 Mithridatem
427 3382 530 3437 omitto
542 3383 684 3446 Croesum,
697 3397 781 3453 quern
794 3381 884 3436 Solon
895 3379 1015 3436 facunde
1023 3399 1055 3436 ac
1065 3383 1172 3455 sapien·

107 3485 155 3530 ter
164 3473 311 3528 admonuit
321 3473 544 3548 exspectandum
554 3489 613 3528 esse
620 3471 753 3526 ultimum
762 3471 828 3526 vitae
838 3471 923 3540 diem,
934 3481 967 3526 ut
976 3471 1079 3544 aliquis
1089 3473 1170 3530 beate

106 3565 212 3621 risisse
224 3575 286 3621 tuto
297 3565 545 3639 pronuntiaretur.
557 3565 642 3619 Certe
651 3573 779 3620 senectus
787 3563 818 3617 iii
827 3581 909 3620 eausa
921 3561 990 3630 fuit,
1002 3579 1053 3618 cnr
1062 3564 1171 3620 Marius

106 3658 193 3714 exilio
208 3658 361 3727 multatus,
378 3656 522 3730 conjectus
534 3657 563 3711 in
576 3673 736 3726 carcerem,
749 3667 861 3712 coactus
877 3655 1042 3711 delitescere
1051 3656 1080 3712 iii
1096 3657 1171 3714 titin-

106 3751 235 3808 turnensi
249 3751 370 3826 palude,
387 3751 424 3806 ad
444 3761 603 3806 extremum
622 3749 652 3804 in
668 3749 725 3823 ipsa
745 3769 831 3825 quani
849 3750 968 3816 vicerat,
984 3751 1169 3828 Carthagine,

104 3861 260 3948 corrogare
270 3842 374 3916 stipem
394 3841 519 3898 ostiatim
533 3861 565 3896 ac
580 3859 684 3946 panem
696 3854 810 3899 coactus
826 3842 879 3898 sit:
891 3843 960 3917 quid
970 3841 1022 3899 illo
1033 3827 1170 3903 fortuna·

104 3937 161 3990 tius
172 3935 235 3992 eive
249 3933 432 4008 produxisset
450 3951 576 4006 unquam
590 3932 620 3987 in
636 3933 721 3988 terris
734 3944 761 3988 et
780 3943 881 3987 natura
898 3943 925 3990 et
939 3935 1047 4003 lionia,
1063 3935 1086 3990 si
1105 3947 1170 4010 post

104 4029 288 4102 captivorum
310 4027 423 4082 turbam
445 4045 498 4100 per
516 4026 594 4082 vicos
611 4026 692 4082 urbis
712 4024 888 4096 traductam,
906 4037 971 4100 post
991 4025 1170 4102 triumphuni

9 4085 11 4204 l
103 4121 209 4198 insigni
221 4139 329 4196 pompa
339 4129 501 4194 peractum,
518 4137 554 4174 eii
564 4119 616 4175 illo
630 4137 719 4176 curru
730 4119 939 4190 descendens,
931 4139 962 4175 ιιι
975 4141 1034 4196 quo
1045 4122 1082 4177 do
1093 4123 1168 4177 reu-

991 4210 1022 4274 5.
