3074 4990
345 369 387 436 86
500 375 670 442 VARIAE
693 379 982 445 LECTIONES
1005 382 1066 444 ΕΤ
1088 381 1119 444 N
1127 381 1239 446 o'rAE

343 491 459 544 «tulerat
473 491 622 544 honoribus
635 505 661 543 et
675 493 822 562 preconiis.
836 493 965 548 Eumdem
978 495 1060 548 audio
1071 495 1203 550 dicentem
1221 494 1351 567 populum
1366 491 1401 546 de

342 600 353 621 ι
363 588 454 628 nostro
467 571 583 645 dupipzp
595 593 601 627 :
613 594 667 642 quae
682 580 753 626 Iubm
762 583 773 626 t
784 580 838 644 quis
857 579 895 628 ius·
908 582 1009 629 vietus!
1022 591 1047 630 et
1065 579 1152 651 reipsa
1171 580 1209 631 illi
1230 578 1327 631 vulnus
1342 589 1401 640 erat

251 672 255 680 ·
342 687 352 707 ι
362 660 454 732 ingens
466 661 493 712 in
503 662 612 714 maxilla
623 661 762 727 inferiore,
774 663 860 734 quod,
871 683 904 716 ue
914 665 991 716 vivus
1002 679 1154 736 caperetur,
1168 667 1273 719 sibimet
1283 662 1402 716 breviori

340 769 352 790 ι
362 745 480 816 sclopeto
493 745 642 798 intulero.»
657 746 863 799 Recentissimus
873 761 960 800 autem
974 749 1110 802 Iuvenalis
1124 751 1253 820 interpres
1265 750 1299 802 cl.
1310 751 1403 798 Boillor

340 829 428 882 locum
436 829 615 900 metaphorice
621 829 807 899 interpretatus
817 842 865 888 est.
872 834 979 881 utiabra
989 831 1050 894 sint,
1058 851 1111 884 non
1119 850 1194 884 secus
1203 851 1235 884 ac
1242 833 1403 898 supercilium,

255 931 258 942 ·
341 910 468 964 indicatio
479 912 623 983 superbiae,
635 925 661 964 et
676 912 714 964 ita
729 912 827 964 vertit:
838 937 849 956 ι
859 917 893 961 Ia
899 914 985 982 flend,
999 916 1139 965 I'iusoleuee
1152 917 1243 964 e'eoieut
1250 916 1345 981 peiores
1359 931 1403 964 sur

338 1013 383 1046 sou
396 997 492 1064 uisage.
511 995 611 1048 Forsan
628 1007 654 1048 et
674 994 718 1046 hic
731 1012 822 1046 seusus
840 1013 901 1046 cum
915 995 1087 1066 sequentihus
1104 1015 1229 1063 uunquam
1242 997 1324 1046 uiuaci
1336 996 1402 1042 que

340 1079 472 1142 homiuem,
488 1079 583 1132 melius
598 1077 772 1130 connectitur.
787 1077 853 1141 Qua
866 1077 1061 1148 suppliciorum
1074 1079 1226 1150 spectacula
1237 1077 1341 1130 Gallice
1352 1094 1401 1130 vo·

341 1181 444 1224 camna,
453 1167 489 1213 les
502 1164 634 1229 tragedias
643 1163 675 1210 du
683 1163 782 1228 pesque.
794 1161 846 1211 Eu.

276 1307 287 1328 ,
375 1258 443 1310 Νοτ.
463 1255 576 1323 69-89,
598 1255 661 1305 llaec
679 1254 769 1306 omnia
788 1255 839 1306 snb
860 1256 946 1326 specie
965 1253 1066 1326 dialogi
1086 1257 1155 1308 inter
1172 1255 1240 1309 duos
1257 1257 1328 1310 eires
1346 1252 1401 1323 legi

342 1337 450 1402 debent;
463 1335 527 1389 seh.
541 1341 593 1402 Quo
606 1336 693 1386 cecidit
704 1339 748 1385 suu
761 1339 868 1397 crimine,
884 1337 945 1390 vida
959 1335 994 1390 ad
1005 1339 1056 1402 lv,
1072 1356 1111 1390 ss.

374 1499 443 1544 Vas.
463 1511 504 1556 7⁰·
522 1493 661 1552 lodicibus,
673 1509 710 1543 to.
721 1493 820 1542 Iudiciis
830 1496 923 1543 restitui
933 1511 964 1544 ex
977 1511 1016 1554 ss,
1031 1512 1069 1556 17,
1081 1499 1193 1556 23-27,
1203 1495 1317 1552 45—50,
1330 1495 1402 1550 54-

341 1581 373 1628 ⁶3
381 1614 389 1640 ,
398 1581 517 1640 sss-69,
531 1587 647 1639 71-74,
659 1595 702 1638 γι,
714 1589 738 1626 et
751 1578 834 1626 multis
844 1577 922 1627 Codd.
937 1581 1013 1628 Paris.
1024 1579 1120 1628 Iudicis
1134 1579 1183 1628 boc
1196 1580 1251 1628 loco
1261 1589 1319 1627 sunt
1329 1594 1401 1640 argu-

342 1673 437 1720 menta,
450 1676 503 1726 que
516 1660 627 1708 iudicant
640 1671 664 1708 et
681 1662 826 1720 ostendunt,
840 1661 933 1710 crimen
948 1679 1000 1710 nou
1013 1661 1097 1710 lictum
1111 1679 1175 1721 esse,
1193 1663 1235 1710 sed
1253 1678 1346 1710 verum.
1365 1664 1404 1708 Ita

340 1743 405 1792 nihil
420 1743 488 1790 deest
503 1758 602 1800 eorum,
620 1760 674 1807 quae
694 1743 721 1792 iu
738 1743 833 1804 judicio
849 1745 946 1808 capitali
961 1746 1125 1808 requiruntur.
1142 1745 1274 1807 lodicibus,
1291 1755 1335 1802 ιι,
1356 1744 1405 1800 sd,

344 1841 459 1889 sp-aa,
472 1825 522 1884 bt,
537 1840 584 1886 70,
600 1827 647 1886 75,
662 1827 705 1887 76,
720 1828 751 1872 aa
762 1862 771 1888 ‚
784 1821 807 1874 et
819 1827 898 1875 Codd.
911 1830 987 1876 Paria.
996 1829 1084 1892 optimi
1096 1841 1120 1876 et
1130 1827 1300 1892 anfflnissilni.
1313 1828 1360 1876 Sed
1372 1827 1402 1876 lai

340 1911 383 1958 uix
392 1909 510 1958 dilleruot
522 1926 536 1958 a
549 1909 697 1956 dololoribus
707 1927 716 1958 .·
727 1911 775 1958 uisi
789 1911 850 1958 sorte
863 1911 955 1958 conscii
966 1923 1023 1960 snut
1037 1911 1132 1960 sceleris
1145 1921 1169 1958 et
1180 1913 1252 1970 socii,
1266 1914 1308 1974 qui
1321 1926 1403 1958 secre-

339 2008 388 2044 tam
402 2011 453 2042 rem
467 2004 491 2042 et
499 1995 694 2056 conjurationem
705 1995 876 2058 prodiderunt.
886 2023 921 2032 -
933 1996 1065 2052 Probatur,
1081 2011 1121 2043 aa.

374 2091 442 2141 Nor.
463 2106 504 2157 7⁰·
526 2089 615 2153 Quibus
626 2089 743 2142 iudiciis?
754 2086 814 2140 vide
824 2088 891 2140 Ver.
900 2089 1073 2153 lect-Quo
1086 2099 1145 2136 teste
1152 2086 1264 2152 probaui
1274 2083 1402 2138 Tiberius

340 2169 571 2227 crimenl-Non
583 2169 724 2230 Tiberius,
743 2169 790 2223 sed
808 2174 909 2232 derasos,
921 2170 1082 2241 quicumque
1097 2170 1140 2222 sit.
1156 2171 1184 2222 la
1203 2169 1272 2222 euius
1290 2169 1336 2239 qui
1356 2168 1403 2220 bic

339 2255 451 2307 alterum
472 2250 635 2320 interrogat,
657 2252 742 2306 nescit
758 2253 885 2324 sejanum
904 2253 1045 2306 a'l'iberio
1067 2265 1219 2305 accusatum
1235 2252 1324 2310 fuisse.
1346 2253 1401 2304 En.

338 2337 501 2407 -Abrupta
516 2335 605 2387 oratio
614 2346 707 2388 ettam
723 2335 839 2389 brevitas
855 2355 936 2409 quam
946 2334 1093 2388 multitudo
1106 2334 1343 2406 interrogationum
1354 2353 1403 2387 cu·

339 2419 451 2474 riositsti
464 2429 492 2471 et
504 2416 614 2470 aflectui
632 2417 790 2470 sciscitantia
807 2419 894 2490 plebis
910 2431 1088 2472 conmotanea
1106 2429 1154 2472 est.
1187 2470 1191 2476 ,

374 2537 439 2612 v'u.
460 2578 501 2623 ⁷¹·
519 2560 601 2618 Nihil,
616 2563 656 2622 73.
675 2588 709 2600 -·
721 2563 921 2620 IIosumesr,15.

374 2657 442 2708 Non.
463 2672 505 2724 7¹·
524 2656 569 2704 uu
585 2656 674 2706 domm.
734 2656 850 2722 Capreis,
866 2652 993 2708 videntur
1008 2671 1063 2706 esse
1081 2653 1163 2706 verba
1176 2652 1218 2706 vel
1232 2649 1402 2703 occultorum

340 2737 429 2812 Sejani
442 2737 605 2801 stoicorum,
617 2737 659 2788 vel
671 2737 769 2790 civium
780 2736 998 2809 prudentiorum,
1011 2753 1157 2807 eorumque
1168 2736 1215 2807 qui
1229 2753 1285 2787 rem
1294 2751 1404 2786 ornnem

341 2823 425 2892 probe
442 2821 579 2892 cognitam
591 2819 737 2872 habebant.
756 2821 903 2892 Responsio
920 2819 1059 2892 cujusdam
1072 2839 1087 2874 e
1100 2821 1193 2892 plebe,
1213 2819 1301 2872 forsan
1321 2818 1404 2870 amici

342 2905 448 2974 sejani,
462 2905 618 2956 acu-uu
631 2905 712 2954 leuem
726 2903 826 2956 fuctum
843 2917 920 2957 estet
934 2903 1085 2975 cognitum,
1099 2922 1157 2974 qua
1170 2904 1197 2955 in
1210 2901 1313 2975 judicio
1325 2902 1403 2971 capi·

341 2987 389 3038 tali
408 2985 466 3038 fieri
483 3005 514 3038 ac
525 2987 649 3055 cognosci
662 2998 688 3038 et
702 2987 787 3037 solent
796 2999 822 3039 et
835 2985 939 3040 debent.
953 2992 1059 3038 Veuosa
1073 2998 1176 3038 tantum
1190 3000 1213 3037 et
1221 2987 1326 3056 grauidis
1336 2987 1405 3050 epis·

339 3072 391 3119 tola
401 3068 504 3122 Tiberii
513 3071 593 3130 veuit,
605 3069 631 3119 in
642 3087 694 3138 qua
705 3069 727 3120 is
737 3070 822 3120 multa
831 3067 865 3122 de
878 3070 936 3123 aliis
944 3071 1032 3131 rebus,
1041 3081 1067 3121 et
1076 3087 1161 3140 pauca
1170 3067 1204 3121 de
1216 3069 1322 3139 Sejano,
1332 3065 1406 3118 nihil

341 3168 404 3202 vero
413 3161 503 3220 aperte
513 3148 546 3202 de
557 3149 727 3204 damnatione
736 3155 794 3222 ejus
805 3153 959 3222 scripserat,
973 3153 1116 3205 veritusne
1127 3153 1162 3205 ita
1172 3151 1302 3205 tumultus
1311 3151 1406 3202 conci-

341 3243 449 3284 taretur.
461 3232 566 3283 Nervus
578 3232 710 3284 Sertorius
719 3234 822 3295 Macro,
832 3233 878 3305 qui
888 3253 904 3286 a
915 3234 1025 3290 Tiberio
1034 3235 1062 3288 in
1073 3235 1163 3288 locum
1171 3234 1273 3306 Sejani,
1283 3232 1408 3304 preelecti

341 3315 474 3387 pretorio,
482 3312 650 3378 substitutus,
660 3327 754 3368 etcum
764 3317 805 3369 his
816 3317 899 3368 literis
908 3316 942 3368 ud
953 3329 1071 3370 senatum
1081 3315 1409 3381 missuserat,veram1m·

341 3396 471 3469 peratoris
480 3408 595 3450 mentem
602 3413 633 3448 ac
642 3397 807 3451 voluntatem
815 3399 885 3455 clam
895 3397 1087 3452 declaraverat.
1098 3399 1161 3454 Vid.
1172 3400 1243 3452 Suet.
1254 3397 1316 3450 Tib.
1327 3415 1354 3449 c:
1361 3399 1409 3462 65,

343 3493 370 3533 et
379 3479 443 3540 Dio,
455 3478 562 3539 LVIII,
572 3478 650 3541 4-8.
662 3508 694 3518 -
709 3484 812 3546 cuprea
824 3483 833 3550 (
843 3480 908 3535 bod.
926 3485 1018 3550 Capu)
1030 3485 1116 3536 insule
1126 3483 1161 3536 ad
1171 3483 1256 3536 sinum
1267 3482 1408 3552 Neapolit.

343 3573 370 3614 et
379 3563 501 3615 Sirenum
513 3561 653 3632 scopulos,
667 3581 698 3616 ex
711 3560 823 3616 adverso
833 3566 971 3630 Surrenti,
985 3566 1032 3618 ubi
1043 3567 1107 3628 villa
1117 3565 1251 3618 luitJovis
1261 3575 1287 3618 et
1298 3581 1345 3616 arx
1356 3564 1409 3616 Ti·

760 3819 989 3838 mmmmm

377 3957 387 3982 ¹
406 3951 478 4000 Cool.
490 3968 525 4001 vs.
535 3953 582 4014 933
593 3953 656 4000 Pliu.
669 3957 719 4016 111,
731 3959 759 4016 6;
769 3917 847 4004 Strab.
894 3960 943 4016 653
955 3958 1049 4007 Closer.
1064 3958 1117 4005 Ital.
1130 3967 1178 4006 eut.
1193 3959 1238 4014 IV,
1251 3973 1306 4020 pag.
1323 3957 1409 4016 1168;

343 4035 405 4094 1,p.
418 4031 536 4095 15;V,p.
549 4035 848 4098 1713V1‚p.178;Tac.
893 4039 979 4100 lleyue
991 4036 1022 4084 ad
1034 4035 1150 4098 apollon.
1165 4051 1220 4099 pag..
1236 4037 1297 4093 312,
1311 4047 1335 4081 et
1347 4036 1410 4084 Exc.

337 4113 404 4160 Auo.
419 4112 462 4171 tv,
474 4113 506 4173 67
516 4129 524 4172 3
533 4113 598 4160 Suet.
610 4113 665 4160 Tib.
677 4129 698 4160 c.
712 4123 759 4173 40,
771 4117 848 4174 43,et
872 4142 876 4150 ·
892 4115 968 4174 VIII,
981 4113 1011 4160 ad
1024 4114 1090 4176 Virg-
1106 4115 1200 4163 AEoeid.
1210 4115 1274 4174 VII,
1287 4116 1335 4174 733
1348 4131 1401 4177 seq.
