2992 4984
321 491 499 554 sauma
522 489 715 555 unctum
737 493 935 576 Qutrtrn.
1098 489 1160 580 373

97 607 225 691 AEneae3
244 604 303 674 sed
321 628 421 700 quem
437 605 571 676 valeant
591 607 741 676 emittere
760 606 884 676 dextrae

97 710 162 780 Illis
175 711 365 800 dissimiles,
386 729 420 782 et
437 729 554 784 nostro
569 728 719 809 tempore
737 729 835 786 natae.

97 825 180 894 Nam
200 850 304 921 genus
323 827 391 896 hoc
408 826 487 896 vivo
499 825 571 920 jam
588 826 805 898 decrescebat
818 829 980 896 Homero.

95 935 199 1002 Terra
211 933 317 1004 malos
332 934 485 1004 homines
499 959 590 1004 nunc
606 935 728 1004 educat
746 948 846 1028 atque
863 933 1012 1029 pusillos.
1129 973 1163 1026 7⁰

94 1047 184 1140 Ergo
195 1049 306 1134 Deus,
325 1048 529 1141 quicumque
542 1045 711 1140 adspexit,
729 1043 860 1114 ridetet
873 1045 956 1115 odit.

138 1159 170 1224 A
190 1153 396 1226 deverticulo
414 1171 584 1250 repetatur
600 1152 736 1223 fabula:
755 1169 931 1249 postquam

94 1264 259 1334 Subsidiis
279 1267 387 1354 aucti,
406 1289 483 1360 pars
502 1263 607 1334 altera
626 1289 782 1360 promere
800 1264 933 1336 sermm

94 1373 228 1460 Audet,
242 1389 276 1444 et
291 1374 419 1445 infestis
434 1399 584 1472 pugnam
597 1376 781 1444 instaurare
798 1376 943 1471 sagittis3

92 1485 204 1579 Terga
215 1484 303 1580 fugae
318 1483 416 1554 celeri
432 1486 666 1581 praestantibus
680 1486 853 1569 omnibus,
871 1487 1012 1572 instant,
1133 1503 1166 1574 75

93 1593 162 1680 Qui
175 1592 289 1661 vicina
302 1590 421 1663 colunt
433 1593 600 1662 umbrosae
613 1596 759 1690 Tentyra
772 1594 901 1690 palmae.

94 1699 238 1768 Labitur
250 1699 330 1770 hinc
344 1700 497 1796 quidam,
515 1702 620 1771 nimia
634 1702 817 1774 sonnidine
834 1729 969 1775 cursum

97 1809 330 1904 Praecipitare,
346 1812 545 1908 capiturque
558 1837 568 1900 ;
583 1828 634 1883 ast
644 1813 737 1883 illum
751 1813 786 1884 in
799 1813 945 1911 plurima
955 1831 1080 1885 sectum

96 1923 219 1989 Frusta
237 1935 271 1990 et
288 1919 487 2016 particulas,
502 1938 541 1992 ut
555 1923 670 1994 multis
685 1941 838 1996 mortuus
853 1951 940 1996 unus

95 2029 293 2120 Sufficeret,
314 2045 423 2100 totum
442 2034 585 2103 corrosis
603 2036 731 2105 ossibus
746 2035 816 2104 edit

97 2140 232 2209 Victrix
246 2140 368 2209 turba:
389 2165 453 2212 nec
469 2142 600 2213 ardenti
616 2144 747 2214 decoxit
759 2144 867 2213 aheno

97 2253 171 2319 Aut
186 2249 352 2338 verubus3
369 2249 509 2344 longum
522 2253 723 2346 usqueadeo
738 2253 938 2346 tardumque
950 2257 1082 2348 putavit

98 2362 302 2454 Exspectare
314 2359 426 2447 focos,
441 2376 600 2430 contenta
615 2362 776 2432 cadavere
790 2359 913 2432 crudo!

100 2470 169 2539 llic
187 2467 334 2563 gaudere
347 2466 445 2552 libet,
464 2468 555 2563 quod
568 2494 638 2538 non
652 2468 828 2540 violaverit
840 2472 972 2565 ignem,

99 2583 216 2668 Quem
231 2602 360 2647 summa
374 2576 446 2648 caeli
461 2593 595 2672 raptum
609 2577 652 2647 de
666 2594 760 2673 parte
777 2581 998 2650 Prometheus
1139 2600 1173 2654 85

98 2787 196 2844 femur
209 2787 389 2859 vulueravit3
409 2788 461 2844 sed
479 2791 577 2863 quales
594 2788 738 2864 projicere
755 2789 869 2845 valeant
886 2807 987 2848 manus
1006 2787 1068 2845 istis
1087 2790 1175 2865 louge

100 2879 231 2954 dispares
245 2891 274 2936 et
286 2878 504 2951 imbecilliores,
520 2881 671 2939 hominurn
685 2898 788 2954 nempe
801 2878 887 2952 hujus
905 2879 976 2936 aeri:
991 2899 1059 2936 uam
1072 2898 1104 2936 ea
1120 2899 1173 2936 ro-

100 2972 256 3028 bustorum
264 2971 416 3028 hominum
426 2971 512 3048 stirps
523 2983 553 3029 et
563 2973 643 3030 natio
651 2972 710 3047 jam
722 2983 782 3028 tum
794 2971 951 3047 incipiebat
962 2973 1054 3029 minui
1061 3015 1071 3045 ,
1085 2991 1175 3047 quum

101 3065 249 3120 Homerus
264 3062 393 3134 viveret3
413 3081 491 3121 nunc
511 3064 645 3120 mortales
663 3063 746 3118 tellus
762 3073 897 3137 procreat
914 3062 1024 3138 exiguae
1042 3075 1173 3132 staturae,

101 3175 213 3233 maguae
226 3155 436 3231 improbitatis,
450 3174 524 3231 quos
537 3175 627 3232 quum
641 3155 745 3231 Superi
756 3155 931 3231 adspiciunt,
945 3156 1044 3214 rident
1056 3156 1174 3214 illorum

103 3249 289 3320 tenuitatem,
309 3247 487 3304 detestantur
501 3247 669 3322 nequitiam.

143 3359 195 3412 7²·
213 3339 274 3396 Sed
293 3339 332 3396 ad
350 3339 545 3397 narrationem
562 3340 600 3396 ab
617 3340 672 3397 hac
690 3341 867 3418 digressione
881 3342 1041 3402 redeamus.
1060 3343 1176 3400 Postea-

104 3451 191 3507 quam
200 3449 285 3487 norae
294 3429 383 3504 copiae
394 3430 524 3487 subsidio
533 3429 728 3501 advenerunt,
738 3432 800 3488 ausi
810 3442 878 3488 suut
885 3433 1043 3509 Tentyritae
1053 3433 1176 3491 educere

105 3524 216 3601 gladios
230 3523 262 3578 in
276 3524 404 3595 hostem,
419 3521 585 3599 sagittisque
598 3521 735 3595 conjectis
750 3542 876 3600 pugnum
891 3523 1106 3602 redintegrare3
1121 3545 1176 3582 nec

106 3619 145 3674 ita
155 3619 250 3674 multo
262 3626 329 3692 post
340 3614 469 3691 Coptitas
481 3614 514 3683 in,
528 3613 625 3690 largam
634 3614 740 3672 effusos
748 3627 886 3691 premunt
896 3617 1002 3674 acriter
1011 3628 1040 3674 et
1052 3631 1175 3695 urgent:

107 3729 234 3784 qaorum
246 3727 336 3780 uuus,
352 3708 422 3765 dnm
435 3727 495 3784 prae
508 3717 588 3763 metu
600 3706 692 3763 nimio
704 3725 828 3782 propere
843 3707 938 3785 lugam
952 3707 1069 3783 arripit,
1083 3709 1176 3781 cadit,

107 3799 380 3877 comprehenditur,
400 3810 543 3857 secutura
558 3797 719 3855 victoribus
730 3798 762 3854 in
776 3800 882 3871 frusta,
902 3811 937 3857 ut
957 3798 1017 3872 ejus
1031 3799 1177 3858 cadaveris

107 3892 277 3968 particulam
296 3891 403 3948 habere
423 3890 529 3968 singuli
544 3901 677 3966 possent,
696 3889 823 3966 deniqne
840 3892 881 3949 ita
900 3892 1071 3962 comeditur,
1091 3903 1125 3950 ut
1140 3911 1179 3951 ne

108 3983 175 4058 ipsis
189 3984 308 4058 quidem
322 3983 432 4041 ossibus
447 3995 591 4058 parcatur.
612 3985 713 4059 Neque
727 4001 800 4040 vero
816 3985 905 4054 illud,
923 3995 973 4041 aut
988 3985 1110 4056 elixum,
1129 3997 1179 4042 aut

111 4075 426 4146 tostumcomederuut3
437 4075 555 4151 longior
564 4085 607 4132 est
614 4074 682 4150 ipsis
690 4074 751 4131 visa
761 4076 892 4133 torrendi
900 4088 950 4134 aut
958 4077 1026 4153 igue
1035 4078 1181 4153 coquendi

111 4166 258 4225 cadaveris
270 4186 372 4238 mora3
388 4167 491 4224 crudas
505 4186 605 4224 carnes
620 4167 760 4226 devorare
775 4167 842 4224 satis
854 4167 909 4224 luit
922 4169 972 4226 eis.
993 4169 1064 4226 Inde
1080 4170 1121 4227 fas
1137 4181 1181 4227 est

110 4260 216 4333 laetari,
233 4259 314 4336 quod
327 4259 423 4336 ignem
440 4261 649 4327 aPrometheo
659 4279 695 4318 ex
710 4259 815 4318 aethere
830 4257 955 4318 delatum
969 4259 1000 4316 in
1015 4271 1106 4319 terras
1121 4271 1180 4318 tam
