3030 4984
362 417 425 484 238
466 413 639 482 SATIRAE
653 411 837 480 DECIMAE
852 413 1029 480 TERTIAE
1047 415 1368 484 ARGUMENTUM.

363 545 425 623 16);
444 543 485 625 (β)
500 545 556 602 talc
567 542 707 620 flagitium
720 561 781 600 non
794 561 893 600 rarum
904 561 964 600 esse
977 543 1045 600 inde
1056 544 1093 599 ab
1110 544 1228 600 Saturni
1242 563 1319 615 uro,
1334 564 1426 622 neque

356 651 422 706 viro
431 653 489 725 jam
501 648 689 728 sexagenario
698 649 846 724 longoque
857 665 956 706 rernm
965 667 1020 705 usu
1031 649 1155 718 imbuto,
1171 647 1312 706 miraculo
1323 649 1426 707 debere

357 773 431 826 csse,
452 755 497 812 bis
515 753 675 831 presertim
695 751 891 828 temporibus,
911 753 1017 828 quibus
1036 753 1129 810 multo
1147 753 1280 829 graviora
1297 753 1426 827 quotidie

267 941 269 946 Ι
354 861 582 931 committantur,
604 870 633 918 et
653 859 784 936 egregius
803 869 955 917 sanctusve
973 859 1063 916 homo
1080 869 1212 915 monstro
1230 869 1423 935 portentoque

353 965 453 1024 similis
468 966 505 1022 sit
519 962 572 1043 (rs.
588 961 702 1035 16-74
712 972 741 1019 et
756 961 937 1042 rao—173);
947 965 1020 1022 banc
1034 982 1106 1020 vero
1120 963 1335 1039 improbitatem
1348 984 1425 1021 sum-

352 1089 505 1149 mamque,
525 1089 582 1146 qua
604 1089 682 1126 nunc
703 1067 867 1143 pejeretur,
888 1067 1035 1124 audaciam
1061 1068 1180 1126 minime
1203 1067 1307 1124 miram
1331 1069 1424 1126 videri

353 1189 475 1255 propter
489 1193 639 1253 perversas
656 1174 695 1232 de
711 1174 766 1232 diis
781 1173 932 1250 opiniones
952 1173 1139 1250 ineptumque
1155 1171 1423 1250 theologiamque

352 1293 552 1358 contemptum
574 1281 674 1358 gignat
696 1279 789 1336 divini
809 1277 937 1336 numinis
961 1277 1144 1354 efficiatque,
1173 1290 1207 1335 ut
1231 1277 1280 1334 alii
1303 1281 1421 1337 omnino

351 1399 457 1468 nogent
476 1387 547 1446 deos
565 1405 640 1457 csse,
661 1384 712 1460 qni
731 1402 777 1442 res
793 1384 930 1442 humanas
946 1394 1063 1454 curent,
1082 1384 1130 1440 alii
1150 1402 1246 1460 ponas
1260 1382 1296 1438 iis
1311 1385 1422 1442 solvere

350 1493 475 1563 malint,
501 1509 588 1570 qnam
611 1488 808 1566 per-juriorom
837 1487 1072 1570 flugitiorumqne
1099 1489 1196 1546 fructu
1221 1507 1343 1558 carere,
1372 1489 1423 1544 alii

350 1597 477 1672 denique
496 1615 575 1673 spem
598 1593 776 1670 impunitatis
800 1593 869 1652 inde
889 1595 1067 1670 concipiant,
1095 1595 1176 1672 quod
1196 1596 1272 1652 lenta
1298 1595 1421 1652 deorum

350 1703 393 1758 ira
412 1703 525 1779 ipsiquo
541 1700 701 1759 exorabiles
720 1699 790 1771 sint,
810 1711 838 1756 et
857 1701 938 1777 quod
960 1702 1008 1759 ille
1026 1721 1140 1758 crucem
1161 1701 1288 1776 pretium
1307 1701 1420 1758 sceleris

348 1808 461 1879 tulerit,
476 1808 524 1864 hic
538 1807 669 1864 diadem
684 1801 737 1884 (rs.
748 1803 911 1884 75—119);
921 1804 962 1885 (τ)
980 1807 1083 1864 demna
1094 1818 1124 1865 et
1139 1807 1257 1882 injurias
1273 1807 1420 1884 suppliciis

347 1913 569 1988 improborum,
590 1912 636 1969 vel
652 1912 695 1968 ira
711 1931 744 1968 ac
760 1911 887 1970 vindicta
905 1932 966 1971 non
982 1915 1098 1983 sarciri,
1116 1923 1144 1970 et
1158 1912 1298 1970 ultionem
1312 1912 1420 1970 minuti

347 2029 433 2093 atque
451 2016 560 2074 infirmi
576 2017 680 2088 animi,
698 2017 822 2095 ideoque
841 2018 965 2076 maximo
981 2019 1167 2089 seminarum,
1187 2037 1249 2074 uon
1269 2017 1418 2084 virorum,

346 2122 523 2198 minimeque
535 2123 796 2198 philosophorum,
810 2125 988 2198 voluptatem
1008 2143 1068 2181 esse
1085 2121 1138 2201 (rs.
1163 2121 1347 2199 ¹7l-¹9²l;
1365 2120 1418 2199 (l)

345 2227 496 2303 improbos
513 2227 587 2283 mala
611 2225 803 2294 couscientia,
825 2245 889 2302 quae
912 2245 996 2301 poena
1020 2228 1057 2283 sit
1080 2227 1210 2284 omnium
1230 2225 1418 2302 gravissima,

346 2333 484 2403 cruciari,
499 2342 529 2389 et
544 2343 627 2388 nocte
640 2333 744 2408 dieque
756 2349 840 2388 suum
851 2343 967 2404 gestare
983 2333 1145 2405 depectere
1162 2343 1257 2390 testem
1264 2351 1276 2399 ,·
1294 2331 1363 2387 binc
1377 2332 1417 2388 iis

345 2435 443 2493 cibum
452 2435 641 2492 intendentes
655 2453 799 2504 crescere,
812 2435 880 2490 vina
891 2435 1042 2510 displicere
1055 2445 1168 2505 vetera,
1182 2454 1298 2493 somnos
1310 2435 1416 2508 breves

327 2561 376 2599 0ac
388 2541 523 2600 turbidos
532 2561 607 2609 esse,
618 2539 735 2596 minima
745 2540 873 2596 tonitrua
885 2539 1057 2617 fulguraque
1071 2559 1208 2617 pavorem
1225 2540 1371 2609 incutere,
1386 2551 1416 2597 et

344 2663 555 2722 quemcumque
563 2644 698 2703 morbum
711 2646 748 2701 ab
760 2645 865 2702 infesto
874 2645 998 2703 Numine
1007 2645 1164 2704 immissum
1176 2645 1270 2704 videri
1285 2643 1339 2722 (vs.
1357 2663 1415 2720 ¹9²

343 2748 471 2829 -235);
486 2747 498 2828 (
505 2749 532 2828 ι)
545 2751 636 2807 malos
648 2751 795 2822 homines,
813 2750 927 2808 libidini
940 2750 1137 2830 indulgentes,
1152 2751 1256 2807 sensim
1271 2749 1415 2806 adsistere

344 2855 582 2914 consuetudinem
597 2856 750 2933 peccandi,
767 2868 796 2915 et
811 2856 852 2914 sio
864 2857 1035 2936 plerumque
1049 2857 1139 2916 serius
1154 2867 1203 2914 unt
1217 2856 1301 2914 citius
1315 2871 1414 2932 poenos
1513 2893 1514 2899 κ

343 2961 413 3020 dare
428 2961 481 3042 (vs.
499 2961 678 3043 old-249).
