3036 4984
302 489 356 554 ru
379 487 610 554 sennen
632 465 962 555 uunnmnsuss
1103 494 1161 559 161

108 616 130 657 et
139 601 251 655 homiues
263 602 352 654 omnis
365 605 488 654 misceam
500 612 526 654 et
536 602 742 664 conturbantes,
755 600 873 667 honest,
887 599 922 654 sd
933 613 1114 672 paupertatem
1122 623 1165 659 re·

109 687 197 740 destos.
211 685 289 738 conf.
307 685 341 738 ad
355 686 426 746 vlt,
441 703 499 753 ¹²9·
514 715 549 728 -
566 690 694 737 crammer
704 681 798 737 laudat
814 685 906 738 Schoi.
922 686 968 758 qui
979 687 1051 740 hunc
1062 707 1166 742 coenam

111 769 276 843 gltdistorum
289 783 370 823 vocet
380 771 499 820 ultimam.
510 768 625 820 Tertull.
638 768 665 819 iu
675 767 787 838 Apolog.
799 765 868 820 dixit
876 787 1023 835 supremam.
1032 771 1085 824 En.

139 917 198 964 Vn.
218 931 259 963 uu.
280 912 411 974 Ventidio,
423 914 472 972 48,
485 913 526 961 58.
539 911 611 961 conf.
626 909 657 958 ed
668 911 731 968 vlt,
745 927 801 974 ¹99·

141 1010 202 1061 Nor.
220 1008 333 1060 sr-ni.
353 1007 471 1059 Multum
480 1006 601 1067 interest,
613 1003 723 1058 divesne
733 1005 768 1057 sit
777 1023 811 1057 en
821 1022 933 1076 pauper,
944 1005 991 1078 qui
999 1006 1170 1076 lautespurat

113 1092 192 1163 epulae
200 1103 226 1144 et
238 1109 351 1161 mugnus
367 1101 490 1160 sumptus
504 1088 576 1142 iacit.
594 1087 673 1140 cont.
687 1107 725 1140 vs.
740 1105 751 1138 ι
769 1107 824 1160 seq.
837 1119 872 1128 -
885 1093 1012 1146 Ventidius
1025 1091 1078 1146 hoc
1091 1094 1168 1161 loco,

115 1187 178 1228 utre.
191 1193 213 1240 ι,
223 1179 327 1235 Atticus,
339 1191 389 1244 pro
399 1171 508 1224 homine
516 1169 600 1242 divite
610 1189 641 1222 eo
651 1170 763 1224 nobili.¹
773 1202 808 1212 -
816 1175 967 1233 [arsenoite.
978 1175 1133 1231 honestum.

142 1321 202 1366 Vn.
220 1319 264 1366 23.
282 1316 376 1365 Nomen
387 1333 433 1380 pro
436 1315 554 1383 samam,
568 1315 611 1378 1⁵,
623 1325 665 1374 ²4·
675 1341 712 1354 -
723 1317 794 1364 lieete
803 1332 849 1381 pro
857 1317 924 1378 jure,
942 1317 982 1366 15.

139 1412 202 1463 lior.
221 1410 264 1462 ul.
284 1409 431 1462 Luxuriae
444 1409 624 1476 sensnsomom
636 1409 726 1470 trahit,
744 1406 833 1470 ducit,
848 1407 948 1472 eumin
966 1407 989 1459 si
1001 1426 1115 1480 mugnus
1129 1425 1171 1467 est

114 1513 194 1547 oeusus
208 1494 269 1561 (res
279 1491 435 1551 familiaris.
448 1493 540 1562 opes),
556 1489 744 1555 liberalitatis,
756 1491 962 1563 magnificentie
972 1505 998 1546 et
1008 1493 1170 1564 honestetis3

114 1577 131 1629 si
138 1578 255 1647 exiguus,
269 1573 384 1626 luxurie
394 1574 495 1627 inuram
504 1591 655 1644 nomenque
662 1573 775 1627 obtinet

140 1725 202 1772 vn.
219 1731 261 1780 04.
282 1724 425 1785 Quantum,
445 1735 484 1780 tt,
496 1719 538 1780 2⁵,
552 1736 595 1785 27,
606 1721 653 1780 46,
663 1727 708 1784 47,
720 1726 770 1783 49,
782 1719 828 1780 50,
840 1718 957 1778 54-58,
966 1719 1037 1786 prob.
1050 1721 1174 1775 Schmzfl.

111 1821 178 1870 quun
190 1821 247 1854 nsox
258 1805 326 1853 idern
339 1819 391 1852 roo.
404 1813 530 1869 sequetur.

140 1898 204 1951 lios.
222 1908 337 1968 24—27.
356 1898 434 1950 Stulti
451 1909 551 1950 suntet
568 1907 724 1968 contemptu
736 1893 827 1967 digni,
842 1897 889 1968 qui
902 1915 992 1950 turum
1002 1911 1173 1954 externarum

114 1981 251 2047 seientiam,
266 1999 327 2052 qua
339 1979 381 2032 vel
390 1997 500 2051 prorsus
511 1979 613 2033 inutilis
621 1992 673 2044 est,
685 1979 727 2032 vel
738 1977 773 2030 ud
785 1979 863 2032 beate
874 1979 1017 2034 vivendum
1028 1982 1097 2035 nihil
1107 2001 1174 2036 cou-

116 2065 172 2127 lert,
181 2077 313 2117 tententur
323 2082 356 2117 ue
366 2063 451 2135 probe
461 2075 565 2125 tenent,
576 2075 601 2114 st
613 2063 685 2115 intus
696 2075 722 2114 et
736 2060 810 2115 domi
819 2081 873 2115 sues
881 2063 1014 2134 hospites,
1024 2067 1066 2120 vel
1078 2067 1107 2118 in
1119 2085 1175 2120 me·

113 2147 198 2201 tieudis
214 2147 404 2212 facultatibus,
425 2158 495 2198 etse
514 2146 579 2217 ipsis
593 2144 787 2218 cognoscendis
803 2147 880 2210 cnei,
901 2145 1041 2218 ignorent,
1059 2150 1174 2204 multum

111 2233 172 2285 iuter
180 2249 290 2303 magnas
299 2243 380 2304 atque
391 2229 501 2300 exiguus
511 2247 575 2301 opes
587 2227 725 2291 iuteresse,
738 2240 765 2282 et
776 2247 827 2300 pro
839 2230 949 2284 illorum
959 2229 1042 2284 modo
1055 2251 1087 2285 ac
1099 2251 1175 2287 meu·
1271 2279 1275 2288 .

111 2333 165 2368 sure
174 2313 312 2367 faciendos
323 2332 379 2366 esse
391 2325 522 2384 sumptus.

283 2413 369 2458 Tecum
380 2410 459 2456 hebite
471 2425 477 2453 z
488 2411 564 2464 noris,
576 2423 644 2470 quem
654 2411 683 2454 sit
693 2407 736 2454 tibi
746 2416 811 2454 ourts
820 2405 931 2470 supellex,

109 2501 179 2552 Pers.
189 2495 239 2562 IV,
250 2498 291 2551 52.
300 2498 449 2549 -Atlnsrtis
457 2534 465 2560 ,
474 2495 573 2550 montis
586 2495 769 2558 Mauritania,
782 2495 852 2548 miru
861 2492 976 2548 altitudo
986 2494 1155 2551 notissime.²

137 2647 202 2694 Vsu.
221 2646 265 2692 06.
282 2645 403 2708 Ignorat,
421 2643 460 2699 1⁵,
475 2643 513 2689 ιθ.
526 2639 553 2688 Si
561 2639 680 2690 excidisse
691 2641 870 2705 emulgeant,
881 2657 924 2689 seu
934 2641 1052 2708 Ignorat,
1062 2643 1173 2709 suspice.

110 2730 250 2778 meldense.
261 2753 297 2764 -
309 2725 402 2786 Distat,
422 2733 465 2782 ι4,
480 2727 518 2782 ι5,
533 2726 575 2785 ιθ,
587 2733 629 2781 04.

137 2823 200 2876 Nor.
219 2825 262 2874 eo.
282 2825 384 2871 serrata
393 2837 453 2870 arra
464 2817 624 2874 etclaustris
637 2817 756 2880 munite,
770 2817 798 2869 in
814 2835 868 2889 qun
878 2817 994 2888 pecunie
1003 2829 1029 2871 et
1040 2835 1105 2891 opes
1118 2837 1173 2873 ser-

111 2906 240 2958 nbentur.
249 2935 285 2944 -
296 2913 362 2954 Area
371 2901 486 2954 divitum
495 2913 549 2966 est,
561 2919 711 2973 pauperum
720 2920 784 2954 vero
794 2905 914 2962 saecutus,
924 2918 971 2955 seu
981 2905 1072 2954 loculus
1083 2915 1110 2956 et
1115 2923 1173 2954 erre-

112 3009 173 3040 neea
186 2988 273 3057 (inire
285 3006 325 3040 vs.
339 2987 403 3054 tt),
422 2983 492 3038 uude
506 3005 567 3036 arca
580 3001 703 3055 magnes,
719 2985 830 3047 saeuam
840 3000 905 3036 vero
921 2981 1041 3037 modicus
1050 2983 1174 3058 designat

111 3091 190 3126 rerum
203 3072 296 3143 copias
305 3082 332 3123 et
343 3068 500 3133 fucultate13
511 3065 573 3122 vide
584 3067 621 3120 ed
634 3067 671 3132 X,
681 3065 728 3131 25,
741 3077 768 3118 et
777 3065 854 3129 le,
867 3069 934 3133 260,
946 3069 1006 3120 261.

141 3217 199 3266 lu.
216 3233 260 3278 ²7·
277 3213 556 3270 amiterninuas,
569 3229 612 3275 27,
626 3211 668 3268 45.
678 3207 817 3270 -Σαυτδν,
834 3226 873 3258 tr.

145 3309 203 3361 iios.
222 3325 263 3376 η.
283 3311 307 3356 E
320 3309 382 3356 coeio
393 3304 537 3365 deseendit,
551 3302 631 3356 deum
645 3303 728 3355 hebet
739 3315 888 3364 auctorem,
898 3303 941 3356 vel
953 3302 1061 3370 divina,
1075 3323 1171 3370 auree,

112 3391 314 3463 prestantissima
331 3401 370 3442 est
388 3399 518 3440 sententie
532 3387 579 3440 ilie
592 3391 665 3459 γνῶθι
678 3389 790 3444 senode.
807 3403 866 3457 quse
884 3386 1062 3441 investibulo
1079 3391 1173 3458 templi

15 3453 16 3496 l
111 3475 222 3547 Delphici
232 3473 322 3530 eureis
337 3471 423 3524 literis
436 3471 566 3544 inscripta
580 3483 654 3536 eret,
671 3483 697 3522 et
712 3489 728 3522 e
740 3468 904 3543 quihusdeut
915 3472 1039 3540 Thaleti,
1053 3473 1095 3528 vel
1108 3473 1173 3528 ehi-

520 3597 751 3618 Mtssmm

141 3685 503 3752 ¹Nonnuiliputeutdesigntri
512 3685 611 3734 Neu·
657 3684 701 3734 sed
721 3684 882 3733 Cesenbonns
900 3687 951 3745 jem
972 3685 1004 3733 nd
1026 3687 1103 3735 Persii
1123 3689 1171 3740 loe.

17 3767 18 3776 ¹
108 3765 205 3827 tidiutn,
220 3767 251 3816 de
267 3783 319 3831 quo
338 3765 388 3813 rid.
405 3767 468 3824 vll,
490 3781 555 3827 ¹99³
571 3764 613 3812 elii
656 3763 722 3813 laud.
745 3765 852 3817 noterit,
877 3765 902 3811 in
922 3763 1071 3814 membrenis
1094 3769 1173 3818 Persii

108 3847 243 3894 Ventidium
260 3847 414 3900 Cumeuum3
437 3843 468 3892 de
491 3859 542 3907 quo
562 3843 612 3890 vid.
660 3839 759 3890 Vectids‘
772 3859 800 3891 uo
817 3839 902 3890 recide*
911 3843 969 3908 legi,
991 3847 1172 3895 etVeutidium

108 3925 159 3972 Ter.
170 3927 235 3972 Anu.
245 3928 309 3983 xil,
323 3926 354 3981 54
363 3941 371 3982 3
379 3921 615 3986 aliideuiqneeum‚
660 3922 737 3972 Persii
750 3933 865 3986 preterea
875 3922 1003 3985 sordibus,
1014 3927 1173 3976 uouluxurie

109 4003 136 4052 tle
151 4007 219 4066 eujus
237 4005 332 4053 divitiis
353 4007 418 4052 Pers.
438 4005 483 4064 tv,
505 4005 551 4058 05,
572 4003 614 4051 uti.
660 4001 780 4064 insignem
795 4018 855 4050 esse.

108 4084 197 4131 el'ostt'n'
211 4082 534 4149 Ventidipraedt‘aicujus?
544 4081 617 4129 Dives
698 4088 707 4110 ¹
726 4080 784 4128 vid.
798 4083 879 4147 lieyu.
891 4084 922 4132 ud
936 4085 1008 4152 Virg.
1019 4085 1115 4133 AEneid.
1129 4087 1176 4143 IV,

108 4177 160 4210 erut
181 4164 297 4219 Curibus,
321 4173 439 4228 quaestines
461 4177 509 4208 uon
531 4160 617 4208 snitum
662 4163 712 4218 046
725 4177 777 4225 seq.
792 4173 817 4210 et
830 4165 881 4218 480
892 4181 942 4228 seq.
953 4166 1065 4213 -Coni
1075 4165 1175 4230 Virgilii

111 4241 203 4293 derret.
213 4246 270 4293 Heu
279 4245 344 4293 bene
355 4243 381 4293 lt.
392 4243 440 4292 loc.
449 4240 616 4293 conveniunt:
661 4241 741 4290 nostri
750 4243 870 4292 volumen
879 4246 916 4306 11,
927 4261 952 4310 p.
962 4245 1011 4292 505
1019 4255 1051 4292 et
1062 4246 1120 4295 530.
1130 4245 1176 4294 Eo.

190 4324 237 4390 11.
1006 4346 1043 4388 ιι
