3036 4984
328 479 382 543 IN
404 479 637 546 SATIRAM
659 481 982 559 UNDECIMAM.
1127 504 1188 572 163

130 593 187 642 mab
199 601 226 642 et
237 593 329 658 pascit,
347 611 399 663 pro
409 597 544 661 poscebat,
562 594 605 648 vel
619 599 742 662 poposcit,
762 611 840 668 poeta
857 602 950 657 saltem
969 606 1037 661 ulios
1055 627 1191 685 auctores,

127 673 200 726 nobis
211 675 329 744 ignotos,
339 688 446 730 secutus
457 691 497 730 eat
510 695 516 730 :
528 696 592 731 nem
602 677 711 734 Flavius
723 682 779 752 jam
793 683 948 758 Coniectare.
964 709 1022 766 cap.
1034 693 1078 762 31,
1089 717 1121 752 ex
1134 705 1191 769 Qu,

127 759 237 812 Calabro
249 771 275 812 et
290 761 426 834 Lycophr.
441 782 479 816 vs.
497 781 563 834 999,
581 764 697 828 notavit,
710 767 853 821 Thersiten
870 772 956 846 alapa
970 777 1027 830 ictu
1038 782 1073 833 eh
1085 785 1191 842 Achille
1245 781 1251 786 ’

124 844 307 916 interemptum
319 863 391 909 esse,
406 845 528 918 adeoque
540 865 594 900 non
604 851 724 920 potuisse
735 851 776 903 illi
789 851 823 906 de
837 858 918 910 armis
929 863 1067 918 certamini
1083 866 1191 940 adessc;

124 929 274 981 Iuvenalem
286 929 368 1000 igitur
377 930 418 984 rel
429 932 556 984 memoria
566 933 669 1005 lapsum
679 952 749 998 esse,
759 937 802 989 vel
814 939 930 995 variasse
939 943 1100 1003 historiam.¹
1113 953 1192 1010 Hane

123 1011 155 1064 ob
164 1029 283 1064 causmm
296 1027 323 1066 et
333 1013 398 1084 quia
408 1031 462 1066 non
476 1013 558 1068 modo
570 1013 663 1068 eadem
677 1035 728 1069 vox
740 1017 830 1090 inepte
840 1033 993 1094 repetatur,
1005 1049 1093 1100 anceps
1102 1055 1193 1090 cauam

124 1110 146 1149 et
154 1115 239 1146 caussa
253 1115 348 1166 magua
361 1100 517 1163 discrimine,
536 1097 582 1152 sed
598 1099 680 1153 verba
699 1119 808 1176 qnoque
826 1108 939 1164 molesta
955 1125 982 1164 et
999 1115 1192 1178 absurdissima

123 1185 229 1234 maasias
232 1221 304 1235 .....
319 1186 471 1252 ariusium,
483 1203 517 1237 ne
529 1184 604 1236 litera
617 1183 726 1255 quidem
738 1201 854 1253 mutatu,
868 1213 881 1244 e
895 1193 985 1250 medio
998 1218 1125 1258 versuum
1134 1207 1194 1261 tolli

121 1268 229 1338 possint,
241 1285 273 1321 ea
286 1268 397 1321 omnino
407 1289 422 1322 e
431 1282 560 1323 contextu
572 1269 703 1340 ejicienda
719 1283 807 1326 censet
820 1276 965 1334 Heineclre.
979 1283 1144 1342 Gravissima
1153 1304 1194 1345 est

121 1351 187 1423 prior
205 1352 295 1417 rati0;
314 1351 362 1405 sed
380 1354 438 1405 sola
457 1373 511 1406 non
534 1353 635 1408 suflicit
653 1367 680 1409 et
696 1358 844 1414 satisfacit:
864 1381 927 1417 nam
947 1369 1090 1438 sepissime
1107 1377 1195 1432 variat

120 1438 261 1508 priscarum
275 1453 365 1490 rernm
379 1440 516 1502 narratio,
530 1452 556 1492 et
576 1459 607 1493 ex
626 1439 738 1494 diversis
759 1443 883 1499 lontibus
896 1447 982 1522 iisque
996 1455 1118 1527 scriptis,
1134 1479 1195 1532 quse

120 1519 322 1582 interciderunt,
339 1522 436 1575 hausta
451 1535 506 1586 est;
527 1521 624 1577 Gordii
639 1543 746 1596 quoque
763 1526 851 1582 nodus
866 1530 903 1584 ita
921 1535 1072 1592 conciditur
1088 1543 1192 1613 potius,

120 1624 191 1676 quam
204 1607 331 1658 solvitur.
343 1608 459 1679 Reliqua
473 1619 628 1678 argumenta
640 1622 700 1664 sunt
712 1611 852 1668 levissima.
865 1617 940 1681 Quot
948 1621 1021 1674 enim
1029 1641 1121 1678 versus
1134 1627 1198 1694 siue⁸

118 1689 246 1742 literarum
258 1691 509 1761 sententiarumque
518 1692 668 1745 mutatione
678 1693 763 1747 deleri
771 1698 905 1768 possam?
915 1713 941 1754 et
951 1704 1012 1776 quie
1020 1707 1071 1759 sihi
1082 1728 1193 1780 perena·

118 1769 189 1834 dett,
200 1774 256 1826 hec
267 1774 368 1839 verba,
381 1775 409 1826 in
421 1775 519 1845 quihus
532 1787 559 1828 et
572 1774 696 1831 doctrine
711 1791 737 1833 et
749 1783 903 1838 summarie
917 1801 1096 1864 tenuaturque
1107 1795 1192 1862 inest,

117 1857 334 1912 absurdissimum
343 1877 400 1912 ease
411 1860 543 1930 glossema
554 1861 730 1936 notulamque
738 1865 919 1944 ludimagistri
929 1876 1043 1946 exempli
1055 1878 1115 1930 loco
1122 1899 1192 1934 mar·

121 1941 168 2012 gini
180 1941 362 2013 adscriptam?
378 1944 473 2015 Neque
485 1945 564 1997 etiem
579 1947 667 1999 omnic
681 1969 771 2002 caussa
782 1971 886 2021 auceps,
901 1956 955 2010 hoc
967 1973 1021 2024 est,
1044 1964 1192 2037 ambigua,
1232 2001 1235 2008 »

122 2028 185 2096 cnjus
194 2041 309 2080 mensos
322 2038 362 2084 est
374 2025 474 2080 dubius
484 2067 492 2088 ,
503 2047 563 2082 cum
575 2049 665 2098 magna
679 2035 819 2087 discrimine
829 2037 931 2106 agitur3
945 2053 972 2094 et
980 2043 1098 2110 mireris,
1114 2048 1190 2105 hunc
1263 2107 1267 2116 ,

121 2126 241 2166 censorem
260 2111 332 2165 veris
345 2111 502 2183 tautologiis
513 2132 567 2167 non
582 2113 687 2168 nitendi
698 2116 725 2168 in
743 2117 803 2170 aliie
817 2113 894 2174 locis.
907 2119 1038 2182 Preterea
1047 2129 1117 2182 nihil
1126 2149 1190 2204 pro.

119 2184 198 2248 ficitur
210 2195 262 2249 illa
272 2214 400 2249 versuum
411 2197 557 2268 ejectione,
569 2210 597 2250 et
605 2198 658 2251 hac
668 2201 813 2254 verborum
821 2205 966 2274 junctura:

281 2325 728 2343 ...................
745 2300 797 2346 sire

278 2369 417 2429 coniugium
427 2383 527 2429 qums,
537 2369 573 2416 rel
580 2373 672 2444 sacrifl'in
682 2381 748 2432 parte
756 2383 846 2422 cenans

277 2445 331 2490 Esse
343 2442 410 2496 velia,
422 2458 463 2489 sen
474 2452 499 2488 tu
511 2457 596 2504 magno
607 2443 738 2498 discrimine
746 2462 837 2495 causam

276 2517 398 2576 protegere
411 2515 515 2572 affectam
525 2529 547 2564 te
555 2519 660 2574 consule,
673 2519 711 2566 die
722 2521 778 2576 tibi,
790 2531 833 2570 etc.

113 2601 177 2654 Nam
185 2601 411 2662 rerbaueaasute,
421 2615 472 2655 etc.
482 2621 537 2656 non
545 2605 597 2655 nisi
605 2605 640 2656 ad
648 2625 749 2660 caussae
756 2609 940 2668 defensionem
947 2629 1078 2688 spectant.
1088 2622 1187 2678 Omnia

113 2703 169 2736 reso
175 2687 254 2757 jungi
261 2685 431 2750 volnit3nam
441 2685 511 2740 illud
518 2705 559 2738 sea
568 2687 604 2740 ita
610 2687 779 2758 aptissimum
785 2705 834 2757 est,
844 2707 870 2750 et
879 2696 937 2770 ipse
946 2699 1034 2766 docet,
1043 2705 1188 2762 modorum

112 2770 283 2824 waradonem
295 2787 406 2836 quaeras,
419 2774 483 2821 uelis
492 2782 518 2822 et
532 2771 639 2839 affictas
651 2773 851 2830 usitatissimam
858 2798 915 2834 esee
927 2793 956 2835 et
967 2787 1098 2858 exemplis
1110 2807 1185 2843 com.

111 2856 246 2926 probatam
258 2875 276 2908 a
285 2857 360 2909 Cort.
370 2853 405 2907 ad
416 2856 472 2907 Cic.
484 2855 534 2928 Ep.
545 2855 579 2908 ad
589 2857 650 2911 niv.
661 2859 1113 2944 X11‚2,7,uMunlnadflygiut
1124 2879 1186 2941 1482

113 2937 179 3002 Quid
189 2939 276 3009 igitur
285 2934 506 3008 respondendum
519 2938 570 2990 erit
586 2939 664 2992 Heio.
677 2944 807 3011 querenti
820 2961 827 2996 z
839 2971 850 2991 ι
858 2949 1000 3019 scrupulos
1014 2954 1036 3006 si
1048 2974 1181 3027 exemero,

112 3022 260 3093 ecquiderit
270 3021 350 3094 pretii
357 3020 385 3073 i·
394 3023 458 3074 Meo
467 3022 659 3094 qualicumque
666 3024 771 3096 judicio
780 3027 849 3080 nihil
858 3031 920 3098 erit,
930 3034 1004 3104 qnod
1018 3037 1046 3090 in
1057 3039 1181 3098 hocloco

113 3103 244 3178 displicere
252 3105 352 3178 possit,
363 3104 511 3158 dummodo
516 3122 605 3174 poscat
614 3107 717 3179 legatur
727 3114 879 3181 proposcit,
890 3127 917 3168 et
927 3118 1010 3172 verba
1020 3119 1078 3176 haec
1085 3124 1123 3179 ita
1131 3147 1178 3181 ex·

113 3203 236 3260 ponantur
244 3207 251 3243 :
260 3192 438 3258 ligandam...
454 3191 529 3250 uelis,
541 3210 586 3240 nea
599 3193 678 3252 enim,
691 3211 777 3265 neque
787 3195 868 3250 stiam
878 3198 943 3267 (vid.
956 3202 1043 3277 Hcyn.
1055 3205 1090 3260 ed
1098 3210 1176 3284 Virg.

116 3272 159 3325 Ge.
166 3275 203 3338 11,
217 3280 285 3336 104,
298 3286 324 3326 et
337 3274 402 3344 al.),
415 3277 514 3325 loricam
525 3287 552 3326 et
566 3291 639 3328 arma
650 3278 846 3345 Arhiilrspnseae
856 3285 982 3347 Thersites,
997 3287 1080 3344 homo
1089 3295 1176 3364 qualis

115 3355 163 3407 Th.
173 3357 230 3420 init,
240 3361 268 3406 ia
278 3375 329 3424 qua
338 3375 364 3408 se
371 3360 543 3423 transducebat
557 3361 651 3412 Uli-res.
667 3363 802 3430 ancipitem
813 3381 957 3420 successam
965 3391 1008 3421 seu
1016 3389 1076 3426 cnm
1085 3395 1176 3444 magno

113 3440 238 3490 dirarum
244 3453 373 3508 protegere
381 3443 488 3509 ajsectaa
498 3443 647 3510 (conaris),.
658 3483 678 3497 ..
689 3459 713 3495 te
720 3450 830 3516 consule,
842 3460 891 3502 etc.
903 3451 928 3501 N
930 3469 964 3504 on
975 3451 1088 3508 deerunt
1097 3457 1176 3525 forte,

111 3521 152 3594 qni
164 3527 339 3596 auspicentur,
353 3528 404 3596 'pro
417 3545 459 3576 seu
473 3526 658 3598 reponendum
672 3546 729 3582 esse
744 3532 768 3579 si
772 3551 783 3590 ,·
798 3530 844 3583 sed
857 3536 993 3586 venustior
1004 3551 1043 3589 est
1058 3540 1176 3614 abrupta

109 3605 162 3658 hec
174 3607 258 3663 dictio
273 3623 297 3662 et
311 3610 421 3662 aflectui
432 3609 516 3680 magis
528 3623 704 3664 consentanea
718 3631 800 3684 qoam
811 3615 930 3687 vulgaris
940 3635 947 3668 r
957 3621 981 3670 si
987 3633 1012 3668 ru
1021 3625 1138 3690 afferam,
1150 3641 1174 3678 aa

108 3697 210 3754 mata,
224 3709 278 3748 etc.
292 3693 395 3748 Eadem
410 3695 494 3748 utitur
505 3697 645 3750 luvenalis
660 3698 773 3768 passim,
788 3699 862 3751 verb.
878 3719 949 3755 caus.
962 3703 1014 3766 Vl,
1026 3708 1093 3776 3²9,
1108 3710 1172 3775 330,

107 3777 154 3830 uhi
163 3791 250 3832 tamen
268 3792 294 3831 et
309 3777 429 3851 suppleri
443 3791 532 3850 potest
545 3783 581 3841 si,
595 3794 625 3834 ut
635 3781 661 3834 h.
674 3782 766 3834 loc.-
776 3782 836 3835 Vct.
848 3783 939 3839 Schol.
951 3805 979 3840 se
988 3795 1174 3861 maeatae,

107 3859 230 3916 idoneum
239 3863 426 3930 existimabat,
439 3865 626 3919 mansierebat.
636 3867 688 3919 En.

14 4037 16 4140 q
138 4009 206 4057 Vn.
229 4010 271 4059 31.
294 4011 318 4057 T
315 4010 464 4072 radueebat,
478 4011 517 4068 13,
529 4026 640 4072 17-27,
651 4011 764 4074 45-50,
774 4013 887 4078 55—63,
896 4017 1010 4091 65—69,
1019 4032 1135 4091 71-74‚
1145 4037 1175 4075 m

523 4145 754 4168 mmmm

138 4255 148 4281 ¹
166 4250 240 4302 cona
252 4253 330 4302 Treta.
341 4263 366 4303 et
378 4255 472 4304 Potter.
484 4253 516 4302 ad
528 4255 652 4321 Lycophr.
660 4272 683 4305 v.
693 4273 755 4322 999.
779 4213 785 4234 ι

14 4295 16 4392 l

14 4407 16 4470 t
