3030 4984
363 427 551 497 SATIttA
574 428 888 497 DUODECIMA.
1090 429 1152 497 205

149 539 206 610 Sed
218 554 394 636 postquam
405 543 511 636 jacuit
525 543 663 639 planum
683 569 790 631 mare3
810 533 966 639 tempora
979 560 1154 641 postquam

111 653 253 744 Prospera
268 649 430 738 vectoris,
446 651 621 750 latumque
636 649 797 722 valentius
812 655 905 724 Euro

108 761 143 826 Et
155 756 283 853 pelag03
301 775 477 854 postquam
494 763 608 828 Parcae
624 760 759 830 meliora
777 762 922 858 benigna

109 869 195 936 Pensa
212 893 314 938 manu
334 868 464 939 ducunt
478 866 616 956 hilares,
634 886 667 940 et
684 872 833 941 staminis
851 871 916 942 albi
1122 886 1155 940 65

108 977 264 1064 Lanificae,
281 980 414 1049 modica
429 1003 491 1048 nec
506 979 649 1049 multum
664 979 786 1052 fortior
803 979 884 1050 a'ara

108 1087 216 1156 Ventus
228 1087 339 1180 adest;
360 1091 454 1183 inopi
470 1088 664 1160 miserabilis
679 1107 749 1160 arte
765 1092 915 1162 cucurrit

107 1197 242 1268 Vestibus
260 1200 419 1287 extentis,
436 1214 486 1286 et,
505 1201 598 1295 quod
617 1214 831 1295 superaverat
847 1225 971 1288 unum,

107 1305 174 1375 Velo
186 1331 287 1401 prora
301 1335 363 1380 sao
378 1336 386 1380 :
399 1309 469 1403 jam
486 1309 719 1381 deficientibus
737 1312 880 1399 Austris,

109 1417 175 1509 Spes
188 1417 262 1488 vitre
283 1445 360 1488 curn
378 1419 446 1488 sole
467 1419 553 1489 redit
569 1451 576 1489 ι
594 1436 666 1490 tum
688 1435 800 1517 gratus
816 1419 908 1508 Iulo,
1122 1455 1156 1508 7⁰

108 1527 198 1619 Atque
210 1527 382 1598 novercali
397 1529 488 1599 sedes
501 1528 636 1624 praelata
650 1534 797 1618 Lavino,

107 1636 305 1730 Conspicitur
318 1639 468 1710 sublimis
482 1663 582 1735 apex,
601 1642 655 1712 cui
667 1640 809 1710 candida
821 1663 945 1708 nomen

107 1745 207 1815 Scrofa
220 1747 330 1832 dedit,
345 1747 427 1819 laetis
441 1750 630 1846 Phrygibus
644 1749 794 1821 mirabile
808 1774 940 1836 sumen,
1037 1741 1049 1768 ⁶

108 1855 141 1922 Et
152 1881 319 1952 nunquam
333 1859 413 1928 visis
429 1859 566 1953 triginta
583 1859 671 1930 clara
687 1861 851 1932 mamillis.

109 1965 237 2035 Tandem
254 1967 359 2037 intrat
374 1969 497 2062 positas
514 1966 641 2039 inclusa
657 1997 716 2066 per
732 1996 868 2066 aequora
883 1969 1005 2062 moles,
1124 2012 1157 2067 75

110 2075 368 2172 Tyrrhenamque
379 2080 531 2164 Pharon,
545 2094 766 2175 porrectaque
778 2080 914 2149 brachia
928 2105 1078 2171 rursum,

109 2183 177 2270 Qua
190 2185 309 2281 pelago
324 2202 508 2256 occurrunt
522 2189 646 2272 medio,
664 2187 830 2281 longeque
845 2189 1040 2283 relinquunt

108 2291 230 2366 ltaliam.
246 2298 329 2368 Non
342 2297 390 2366 sic
404 2296 507 2392 igitur
517 2295 681 2366 mirabere
692 2310 825 2390 portus,

145 2498 189 2556 60.
206 2504 356 2580 Postquam
368 2523 478 2581 equor,
489 2502 585 2562 stratis
595 2501 706 2580 placide
720 2499 867 2576 fluctibns,
882 2503 1063 2578 conquievit3
1077 2518 1159 2582 post-

109 2613 284 2668 quamsereua
295 2597 355 2654 caeli
368 2598 452 2656 iacies
464 2599 521 2656 illis
532 2598 582 2674 qai
593 2597 774 2655 vehebantur
787 2598 854 2654 navi
865 2597 975 2668 arrisit,
988 2609 1015 2655 et
1026 2600 1112 2658 maris
1127 2620 1162 2659 ac

110 2700 247 2747 ventorum
257 2691 470 2750 inclementiam
479 2691 523 2747 vis
532 2691 622 2748 amica
631 2689 681 2746 lati
689 2689 851 2765 superavit,
861 2689 955 2746 Parcis
967 2691 1120 2748 candidam
1132 2704 1163 2750 et

108 2781 241 2838 uehomm
252 2783 346 2838 lanam
359 2801 375 2840 e
386 2785 452 2840 colu
464 2782 653 2850 trahentibus,
666 2791 735 2837 tuac
745 2789 848 2838 ventus
860 2781 990 2838 inleveur
1001 2784 1160 2860 zephyrum

110 2873 259 2933 &uaccas
269 2876 397 2951 aspirare
413 2876 514 2952 coepit,
530 2895 562 2931 ac
574 2874 728 2950 pristinam
739 2893 854 2930 cursum
868 2874 978 2950 navigii
992 2875 1161 2935 miserabilis

109 2984 181 3040 prora
202 2971 310 3038 tenuit,
331 2987 430 3025 manca
452 2978 515 3025 arte
537 2967 683 3038 adhibita,
703 2967 840 3024 nimirum
863 2967 986 3025 extensis
1009 2981 1161 3026 nauurum

109 3059 234 3130 restibus,
248 3063 315 3119 loco
327 3061 458 3118 velorum
471 3069 638 3136 tempestate
652 3058 837 3128 amissorum,
852 3068 957 3133 praeter
972 3077 1063 3116 unam
1080 3061 1161 3136 quod

111 3149 191 3209 inbac
204 3154 303 3211 eadem
320 3172 409 3228 prora
424 3165 581 3229 supererat.
602 3155 724 3209 Demura
740 3153 848 3208 Austro
859 3150 1040 3225 quiescente,
1055 3152 1161 3211 discru-

113 3242 191 3318 titque
204 3247 347 3317 nubibus,
365 3247 408 3303 sol
422 3246 515 3304 videri
529 3257 637 3320 coeptus
651 3255 707 3315 est,
723 3263 755 3300 ac
770 3263 850 3318 spes,
871 3243 955 3300 simul
973 3263 1008 3302 eo
1020 3245 1096 3318 viso,
1115 3266 1161 3303 sa-

111 3333 170 3390 lutis
179 3349 316 3396 revocata.
329 3339 389 3396 Nec
398 3337 438 3394 ita
446 3340 540 3394 multo
550 3349 616 3413 post
624 3337 758 3413 apparuit
766 3337 895 3393 Albanus
907 3355 1006 3409 mons,
1016 3357 1101 3412 quem
1112 3341 1162 3396 lu-

109 3423 148 3480 lua
158 3426 263 3499 dilexit,
280 3441 407 3505 atquem
419 3428 551 3500 Lavinio,
568 3448 698 3486 nouercae
712 3447 769 3486 suae
784 3429 903 3504 oppido,
917 3430 1059 3504 praetulit,
1073 3443 1106 3486 at
1118 3431 1171 3486 ibi*

109 3517 202 3575 Albam
212 3521 366 3592 conderet,
387 3521 424 3578 ita
440 3521 545 3578 dictam
561 3521 597 3576 ab
613 3521 676 3576 alba
688 3539 790 3596 porca,
805 3539 892 3596 quam
905 3519 1024 3593 Troiani
1039 3519 1161 3578 maxima

109 3627 168 3665 cam
178 3614 322 3689 voluptate
333 3615 506 3672 invenerunt
518 3613 636 3690 triginta
646 3615 790 3689 porcellos
804 3613 934 3670 inaudito
945 3613 1082 3668 hactenus
1092 3631 1161 3688 por-

109 3707 182 3758 tento
192 3705 312 3763 enixam.
331 3709 453 3762 Demuru
472 3706 577 3763 Catulli
588 3705 669 3762 navis
683 3716 798 3780 portam
816 3703 975 3762 Ostiensem
989 3701 1080 3773 subit,
1095 3722 1161 3762 ma-

108 3793 195 3850 nitum
214 3799 334 3856 molibus
353 3809 419 3855 ante
437 3817 543 3874 paucos
560 3817 651 3854 annos
667 3797 830 3854 instauratis
849 3815 881 3852 ac
899 3795 1026 3867 relectis,
1049 3815 1112 3870 quae
1129 3798 1161 3856 iu

108 3902 201 3960 equor
215 3889 296 3966 longe
310 3901 527 3966 procurrentes,
539 3901 675 3964 tauquam
684 3888 815 3958 brachia,
826 3887 898 3944 illud
909 3888 1121 3962 amplectuutur
1132 3900 1162 3946 et

107 3976 263 4050 includunt,
279 3993 307 4040 et
319 3983 405 4060 longe
416 3993 482 4058 post
494 4001 525 4039 se
536 3983 612 4058 ripas
624 3981 712 4038 tutia
722 3981 898 4054 relinquunt.
913 3981 980 4036 Haec
992 3980 1078 4037 maris
1088 3982 1162 4057 Tyr·

109 4069 186 4126 rheni
203 4074 307 4132 Pharos
324 4086 380 4148 est,
398 4095 431 4133 ac
447 4086 549 4151 portas
569 4075 609 4131 eis
627 4091 700 4149 quos
719 4083 820 4128 natura
839 4072 919 4144 fecit,
937 4073 1118 4149 prestantior
1132 4083 1161 4130 et

108 4162 265 4226 uumbilior.
275 4170 440 4230 Nararchut
450 4180 542 4230 ratem
552 4168 681 4228 mutilam
691 4165 826 4246 provehit
837 4167 867 4224 ia
880 4168 1048 4228 interiorem
1058 4179 1160 4244 portas
