3074 4990
483 451 664 516 SATIRA
690 450 842 516 NONA.

130 559 288 652 Cymbala
304 561 468 658 pulsantis
485 565 631 660 legatum
647 566 706 634 fiet
722 567 842 636 amici?

128 669 309 764 improbus
325 699 379 760 es,
394 701 499 770 quum
514 677 640 771 poscis,
657 676 704 745 ais
717 702 725 745 :
741 677 800 745 scd
818 677 936 772 pensio
951 675 1086 762 clamat,

129 779 252 864 Posce;
266 783 325 852 sed
338 783 486 882 appellat
502 811 587 880 puer
602 786 736 871 unicus,
752 801 789 856 ut
802 786 1001 882 Polyphemi

131 888 211 956 Lata
227 891 331 978 acies,
352 919 415 988 per
433 920 532 989 quam
550 894 666 964 sollers
683 897 787 964 evasit
803 894 927 968 Ulixes.

131 997 226 1068 Alter
240 1004 405 1074 emendus
424 1007 506 1092 erit3
521 1029 666 1100 namque
680 1007 735 1075 hic
749 1032 819 1076 non
836 1007 964 1078 sufficit
978 1032 986 1076 ε
1002 1006 1101 1075 ambo

129 1110 290 1181 Pascendi
304 1139 312 1182 :
328 1115 410 1209 quid
424 1141 518 1210 agam
533 1117 653 1184 bruma
666 1116 834 1210 spirante?
849 1117 947 1212 quid,
962 1141 1044 1200 oro,

129 1219 221 1308 Quid
236 1220 346 1292 dicam
363 1225 506 1320 scapulis
520 1251 705 1322 puerorum
722 1227 889 1322 Aquilone
904 1227 1101 1312 Decembri,

131 1331 173 1396 Et
188 1329 356 1424 pedibus?
369 1334 506 1420 durate,
522 1349 622 1429 atque
637 1351 828 1430 exspectate
846 1335 996 1406 cicadas?

130 1441 278 1523 Verum,
293 1458 332 1512 ut
347 1443 551 1531 dissimules,
566 1460 605 1514 ut
618 1445 729 1514 mittas
744 1461 871 1531 cetera,
886 1461 1013 1540 quanto
1167 1473 1201 1528 7⁰

133 1550 265 1618 Metiris
279 1554 408 1646 pretio,
421 1554 532 1648 quod,
548 1556 584 1622 ni
603 1555 662 1624 tibi
678 1555 812 1625 deditus
825 1581 930 1626 essem

132 1663 349 1758 Devotusque
364 1665 488 1752 cliens,
503 1693 588 1736 uxor
603 1683 661 1736 tua
678 1668 772 1762 virgo
792 1665 963 1737 maneret?

133 1772 202 1840 Scis
218 1789 329 1860 certe,
343 1775 466 1868 quibus
480 1777 544 1846 ista
560 1777 686 1864 modis,
700 1801 801 1871 quam
817 1801 905 1870 saepe
921 1777 1068 1871 rogaris,

133 1883 173 1950 Et
189 1909 266 1977 quae
281 1884 473 1979 pollicitus:
489 1885 676 1979 fugientem
691 1911 778 1982 saepe
793 1886 936 1981 puellam

134 1993 294 2086 Amplexu
312 1996 431 2089 rapui:
447 1995 575 2066 tabulas
589 2021 723 2091 quoquc
739 2011 894 2090 ruperat,
912 1995 1027 2089 etjam
1168 2010 1202 2081 7⁵
1248 2061 1251 2068 .

131 2104 310 2199 Signabat:
327 2121 399 2175 tota
415 2105 475 2175 vix
489 2107 556 2177 hoc
570 2133 634 2204 ego
648 2123 749 2178 nocte
765 2107 909 2192 redemi,

131 2214 179 2281 Te
198 2214 354 2309 plorante
373 2215 467 2285 foris.
483 2218 591 2287 Testis
604 2218 687 2288 mibi
702 2217 858 2303 lectulus,
876 2231 910 2285 et
924 2232 981 2302 tu,

131 2323 183 2392 Ad
198 2349 302 2419 quern
317 2327 470 2420 pervenit
484 2327 560 2396 lecti
577 2352 698 2412 sonus,
713 2342 747 2396 et
760 2327 904 2395 dominae
919 2350 995 2394 vox.

131 2550 195 2587 cnm
206 2541 314 2601 matre,
326 2542 354 2588 et
365 2533 482 2603 casulis,
494 2544 522 2591 et
532 2533 627 2589 catulo
639 2531 820 2600 colludente,
833 2547 894 2586 uno
903 2529 995 2586 verbo
1006 2539 1097 2585 totam
1105 2529 1203 2587 villam

129 2631 305 2680 testamento
318 2624 458 2699 legereris
472 2624 565 2681 amico
577 2635 629 2679 tuo
640 2622 772 2698 pathice,
787 2621 908 2698 Cybeles
919 2620 1047 2696 cymbala
1060 2619 1203 2695 pulsanti?

130 2714 225 2770 Nimis
239 2714 360 2771 moleste
373 2725 403 2770 et
418 2715 602 2789 impudenter
620 2715 764 2789 postulas,
780 2713 884 2788 inquis.
902 2711 960 2770 Sed
976 2713 1126 2770 necessitas
1144 2715 1204 2770 sol-

128 2807 218 2864 vendi
227 2823 284 2880 pro
294 2805 380 2862 rebus
390 2807 539 2864 conductis
548 2806 636 2882 pretii
646 2806 716 2862 mibi
724 2807 824 2861 clamat
833 2824 841 2874 3
851 2823 953 2878 posce:
965 2815 993 2860 et
1003 2803 1078 2860 adid
1086 2823 1204 2880 qnoque

128 2919 175 2955 me
194 2899 276 2975 cogit
289 2917 389 2956 servus
405 2917 492 2973 quem
507 2898 626 2956 unicum
641 2897 750 2963 habeo,
769 2895 843 2952 sicut
858 2896 1052 2972 Polyphemus
1070 2898 1204 2969 oculum,

127 2991 183 3048 etsi
205 2994 263 3046 lata
287 2990 364 3058 acie,
384 2989 504 3046 unicum
526 3001 637 3058 tamen,
663 2999 786 3063 propter
808 3007 895 3062 quem
916 2988 1093 3046 terebratum
1115 2991 1205 3048 solers

126 3083 247 3156 Ulysses
256 3081 379 3138 evadere
387 3082 492 3156 potuit.
501 3083 631 3138 Alterum
643 3081 728 3136 etiam
737 3099 832 3137 emere
840 3079 1002 3155 oportebit,
1013 3081 1120 3157 quippe
1129 3101 1204 3139 unus

124 3172 173 3228 hic
183 3173 259 3228 mihi
274 3191 337 3227 non
349 3172 471 3230 suflicit:
483 3183 607 3248 uterque
620 3172 793 3228 nutriendus
807 3172 872 3230 erit.
890 3172 970 3242 Quid
983 3172 1073 3249 igitur
1086 3174 1203 3246 faciam,

125 3265 232 3340 hyeme
247 3265 403 3320 saeviente?
423 3265 495 3340 qnid
512 3265 710 3340 respondebo,
726 3283 837 3338 queso,
853 3263 1002 3338 mancipiis
1021 3265 1092 3320 meis
1107 3266 1203 3322 nudos
1308 3286 1314 3296 ’

126 3357 266 3414 humeros
277 3375 312 3414 ac
324 3358 413 3432 pedes
426 3357 573 3416 decembri
587 3376 683 3415 mense
697 3355 915 3413 ostendentibus
925 3355 937 3411 l
949 3356 1080 3413 dicamne
1090 3356 1103 3410 i
1113 3356 1205 3432 frigus

126 3449 269 3524 perferte,
286 3449 382 3506 donec
399 3455 523 3509 aetatem
539 3450 657 3509 rediisse
678 3460 821 3506 testentur
840 3449 952 3506 cicade.
969 3451 1078 3506 Verum
1094 3450 1205 3506 etiamsi

126 3539 292 3598 dissimules
300 3551 330 3597 et
343 3551 446 3599 catera
459 3543 588 3613 omittas,
603 3543 704 3618 quanti
716 3541 854 3614 estimas,
867 3540 1013 3624 quodnisi
1024 3540 1077 3596 tibi
1088 3539 1205 3597 fuissem

124 3634 276 3706 addictus,
288 3646 318 3691 et
329 3635 518 3710 obsequiosus
528 3636 633 3707 cliens,
643 3655 720 3693 uxor
731 3647 779 3692 tna
790 3635 883 3691 adhuc
896 3633 949 3689 tibi
958 3633 1086 3690 invalido
1101 3635 1206 3692 intacta

123 3731 221 3800 foret,
235 3732 345 3788 nedum
357 3733 513 3806 pepererit.
523 3733 608 3790 Nosti
617 3733 750 3808 profecto
766 3731 873 3807 quibus
887 3729 994 3800 modis,
1011 3742 1040 3786 et
1052 3749 1137 3808 qnam
1149 3732 1207 3789 fre·

125 3835 255 3898 quenter
267 3825 341 3882 illud
351 3835 433 3881 mum
445 3843 462 3882 a
473 3843 519 3882 me
533 3824 662 3883 officium
674 3823 881 3902 postulaveris,
897 3834 925 3879 et
939 3843 1002 3898 quae
1014 3844 1128 3881 rursum
1138 3825 1206 3900 pol·

122 3917 223 3974 licitus
243 3936 281 3974 es.
299 3919 364 3994 Ego
379 3936 454 3992 saepe
470 3937 531 3974 eam
546 3918 635 3976 domo
651 3918 805 3974 abeuntem
821 3916 891 3972 meis
911 3917 1090 3991 amplexibus
1106 3937 1122 3974 e
1137 3918 1205 3996 fuga

120 4010 254 4067 retraxi:
266 4007 377 4067 tabulas
392 4010 478 4067 etiam
490 4009 701 4086 nuptialesjam
716 4018 849 4084 ruperat,
865 4019 894 4065 et
906 4009 976 4065 alias
992 4009 1140 4086 signabat:
1153 4011 1203 4068 vix
1294 4039 1296 4044 v

119 4122 180 4179 ego
198 4104 289 4160 totins
300 4103 394 4160 noctis
409 4103 510 4161 labore
519 4113 615 4160 vestra
626 4105 685 4160 haec
697 4100 816 4158 dissidia
830 4099 995 4176 composui,
1010 4112 1039 4157 te
1055 4101 1126 4159 foris
1136 4113 1203 4158 ante

124 4195 259 4254 cubiculi
272 4197 389 4270 januam
406 4197 591 4275 lacrymante.
609 4199 707 4255 Testes
727 4195 842 4274 appello
862 4205 891 4253 et
906 4197 1028 4264 lectum,
1047 4207 1077 4252 et
1096 4206 1137 4265 te,
1155 4195 1207 4271 qni
