3030 4984
236 437 286 504 IN
310 435 523 502 SATlllAlll
544 435 779 502 DECIMAM
802 435 1046 502 'trattati
1108 431 1172 501 263

32 603 34 622 ,
152 551 213 608 lior.
231 552 274 608 3³.
292 551 369 606 Sabe
378 551 506 606 Calvinus
515 549 703 623 sexagenarius
712 551 763 618 (vs.
778 553 818 614 16,
828 553 871 622 17)
882 535 1174 618 diciturseae‘ords'gru'sss

31 623 34 684 i
123 637 183 686 rnen
196 637 272 696 lulla,
287 633 343 688 hoc
357 646 412 700 est,
427 634 474 706 qui
494 634 563 687 inter
581 651 679 706 pueros
696 630 829 684 referatur
846 643 957 706 propter
977 631 1174 702 simplicitatem

30 741 33 792 f
120 735 246 789 meaque
264 718 442 790 imperitiam
458 717 540 778 virent
555 717 641 790 qlpus·
656 735 720 770 nam
738 719 805 768 bulla
821 736 968 788 puerorum
983 715 1100 787 insigue3
1116 712 1172 772 vid.

30 801 31 806 ’
119 819 187 874 supra
198 801 233 856 ad
244 803 282 869 V,
296 807 355 868 164.
368 805 455 856 &uror
465 804 618 874 ὶμφατικῶς,
630 812 662 854 ut
674 803 737 852 rurr'
745 803 829 855 warte
838 800 911 872 apud
922 803 997 856 Pers.
1007 807 1034 862 l,
1048 817 1091 852 aa.

147 947 208 996 Vae.
226 941 272 1005 34.
291 947 369 997 Abest
377 949 419 998 bic
425 965 508 997 veram
522 966 536 996 a
551 947 591 1010 re,
601 957 626 996 et
636 955 692 1012 post
702 961 738 994 va.
750 945 792 1006 35,
805 944 893 1010 legitur
902 947 929 994 in
945 961 985 1014 ¹9·

145 1040 206 1094 Nor.
226 1039 271 1106 34.
292 1047 363 1108 Quas
376 1046 466 1094 lateat
477 1048 594 1104 Veneres,
607 1041 767 1113 voluptates,
779 1038 908 1112 gratiam,
919 1049 1102 1107 venustatem,
1112 1037 1170 1092 ille·
1255 961 1348 1192 isgsp
1353 1059 1388 1138 ὁὶ
1398 1025 1445 1110 li„

119 1121 211 1188 oebrar,
225 1121 281 1178 boc
289 1137 344 1190 est,
356 1143 438 1198 quam
449 1137 526 1198 grata
535 1125 568 1179 sit
578 1137 606 1178 et
612 1123 735 1198 jucunda
746 1123 844 1178 avaria.

146 1221 229 1272 lana.
249 1220 382 1290 34-119.
401 1221 531 1276 Praeclare
550 1219 629 1276 docet
648 1232 744 1293 poeta,
763 1232 904 1294 corruptos
923 1219 1012 1274 seculi
1029 1220 1072 1274 sui
1086 1238 1172 1276 morea

118 1301 284 1376 vitiorumque
299 1305 451 1375 licentiam,
468 1325 526 1379 que
536 1306 733 1378 rempublicam
744 1307 893 1362 llomanam
904 1305 1046 1372 invaserit,
1063 1325 1096 1360 ex
1109 1324 1174 1362 con-

118 1397 206 1460 temptu
217 1389 374 1460 religionis,
389 1403 518 1464 tanquam
529 1410 560 1446 ex
574 1391 705 1464 primario
716 1390 802 1456 fonte,
818 1389 939 1454 fluxisse,
951 1389 1024 1446 banc
1035 1411 1098 1448 vero
1110 1390 1174 1446 irre·

115 1469 274 1540 liginaitatem
282 1491 315 1528 ex
328 1474 516 1545 superstitione
529 1488 556 1530 et
568 1475 659 1548 inepta
672 1487 764 1528 natam
772 1493 828 1529 erre
844 1473 995 1548 theologia,
1012 1494 1072 1548 quar
1085 1476 1174 1548 phan-
1238 1463 1242 1476 ⁸

117 1557 177 1608 tasin
188 1555 298 1628 quidem
309 1557 427 1630 prebeat
440 1559 584 1626 alimenta,
596 1559 644 1614 sed
659 1572 776 1614 mentem
788 1572 959 1632 corrumpat,
976 1571 1003 1616 et
1011 1562 1069 1634 jam
1080 1563 1174 1628 vulgo,

114 1637 194 1708 plebi,
211 1640 244 1694 ait
259 1643 427 1714 contemptui
445 1662 477 1698 ac
494 1642 629 1710 ludibrio;
646 1644 769 1700 homiues
786 1644 893 1716 itaque,
911 1643 1041 1718 quamdiu
1061 1644 1174 1716 simplex

113 1720 195 1779 adbuc
207 1723 283 1778 tuerit
294 1727 405 1799 religio,
417 1727 461 1800 pie
470 1742 497 1782 et
507 1741 599 1784 sancte
609 1731 722 1798 vixisse,
735 1743 764 1785 at
775 1742 918 1804 postquam
930 1730 1068 1804 ingenium
1080 1741 1174 1804 poeta-

114 1823 164 1858 rum
179 1825 236 1862 eam
246 1810 340 1866 multis
352 1813 478 1886 argutiis,
488 1812 587 1871 fabulis
593 1815 737 1888 pravisque
747 1814 920 1888 opinionibus
929 1811 966 1874 ¹de
980 1826 1092 1880 natura,
1103 1812 1172 1878 vita,

115 1890 222 1944 moribus
239 1905 266 1947 et
283 1893 386 1965 iugenti
401 1915 513 1974 numero
531 1897 644 1954 deorum
665 1897 871 1966 deformaverit,
889 1917 906 1954 a
925 1898 1019 1972 probis
1039 1897 1172 1970 majorum

115 1974 221 2030 moribus
229 1975 265 2030 ad
277 1975 444 2054 impietatem
456 1996 483 2036 et
496 1984 598 2039 scelera
611 1981 749 2038 defecisse·
763 1983 826 2038 Haec
841 1983 925 2056 igitur
938 1979 1128 2056 θιολογόὑμινα,
1146 1991 1172 2034 et

113 2071 247 2114 commenta
257 2075 402 2133 poetarum
414 2065 505 2122 multis
517 2065 675 2122 deridentur
685 2068 786 2122 salibus
799 2067 955 2140 facetiisque
967 2067 1048 2136 (utin
1060 2065 1173 2120 Luriani

114 2139 206 2214 Dialog.
220 2144 365 2218 Deorum),
382 2148 429 2201 sed
444 2161 471 2204 et
488 2151 571 2204 nimia
587 2151 679 2204 forsan
694 2150 796 2224 ingenii
808 2151 992 2224 orationisque
1008 2148 1132 2218 luxurie,
1145 2158 1172 2204 et

110 2221 200 2294 judicio
205 2228 301 2300 paullo
315 2230 445 2306 iniquiori
453 2231 489 2288 de
499 2233 670 2308 mythologie
680 2245 749 2292 vct.¹

138 2379 202 2434 Vua.
218 2385 257 2438 36.
275 2386 343 2448 Illis,
357 2403 399 2436 aa.

142 2475 207 2532 Nor.
223 2481 261 2550 37.
277 2478 362 2534 Stulti
371 2493 398 2534 et
409 2479 541 2554 simplices
555 2491 633 2548 sunt,
645 2477 693 2554 qui
703 2477 769 2534 deos
779 2492 907 2535 verentur
919 2479 1102 2555 perjuriorum
1111 2481 1170 2540 vin·
1274 2514 1276 2525 ·

110 2555 288 2616 dicen-Arre
296 2565 391 2616 natanti
400 2563 458 2618 scil.
470 2563 546 2638 igne,
558 2565 600 2620 vel
612 2564 703 2637 potius
712 2563 844 2638 sauguine
852 2564 1033 2622 victimarum.

139 2657 203 2712 Nor.
221 2657 337 2714 38-52.
355 2657 479 2731 Festive,
502 2663 548 2714 ted
564 2657 761 2716 declamatorio
777 2660 885 2734 potius,
901 2678 985 2734 quam
1002 2657 1109 2733 poetico
1127 2659 1170 2714 di-

110 2741 178 2798 tendi
186 2763 278 2826 genere
291 2743 454 2804 adumbrata
470 2743 616 2818 descriptio
628 2735 703 2800 aurei
713 2744 821 2806 saeculi,
834 2764 890 2817 quo
897 2745 1035 2798 Ausonum
1047 2743 1168 2818 adeoque

110 2825 270 2899 Aboriginum
289 2830 500 2902 latinorumque
519 2829 615 2905 religio
634 2827 782 2886 admodum
804 2829 919 2904 simplex
941 2829 1009 2895 luit,
1027 2841 1054 2882 et
1070 2842 1168 2902 proter

109 2909 237 2966 Saturnum
244 2951 252 2978 ,
260 2914 376 2976 Ianum,
385 2913 481 2966 Picum
491 2925 518 2967 et
526 2913 650 2967 Faunum
660 2911 728 2966 alios
739 2913 876 2984 ignoravit
884 2911 965 2980 deos3
976 2911 1023 2985 qui
1032 2924 1124 2984 postea
1134 2931 1167 2966 ex

110 2991 248 3052 (iratorum
260 2997 430 3071 mythologie
441 2995 539 3052 adsciti
554 3010 626 3050 aunt.
638 2995 718 3052 Cous.
731 2996 797 3050 Ver.
808 2999 883 3052 laect.
894 2993 930 3050 ad
941 3014 982 3050 vs.
994 3001 1038 3062 41.
1050 3024 1084 3038 -·-
1096 2996 1167 3048 Indi·

108 3097 177 3146 gean¹
193 3082 273 3155 prisci
286 3083 384 3138 incola
402 3081 487 3145 Latii,
501 3082 677 3154 Aborigines,
695 3099 750 3136 non
762 3093 866 3137 tantum
883 3081 1011 3155 incipies,
1026 3078 1165 3134 sedetiam

111 3163 244 3233 ὠτόῑθοπς,
252 3169 397 3242 aliti-gerrig,
407 3168 540 3228 Ιιωηιονε,
549 3165 605 3220 bac
613 3165 788 3238 simplicitate
798 3184 830 3220 ac
841 3163 908 3229 lide,
920 3164 1018 3238 pietate
1028 3175 1055 3218 et
1065 3162 1165 3218 saumi-

113 3251 242 3318 unvita,
260 3253 401 3316 vivebant,
422 3268 504 3304 aurea
522 3261 620 3315 ntate,
640 3267 696 3322 qua
713 3247 835 3322 regnavit
853 3253 989 3310 Murrus,
1004 3249 1074 3315 prius
1090 3265 1164 3317 qnam

111 3329 163 3394 bic,
178 3351 192 3386 ι
206 3335 274 3389 Jove
290 3335 349 3388 lilio
361 3353 412 3389 auo
428 3347 525 3388 exuuu
540 3352 638 3406 regno,
652 3335 758 3404 fugiam
775 3337 917 3389 diademate
935 3335 1045 3402 deposito
1062 3344 1167 3386 sument

109 3421 325 3486 arrraemsatcem,
343 3419 497 3492 symbolum
513 3418 622 3472 messia:
636 3436 700 3472 nam
717 3421 774 3490 ipae
791 3417 923 3472 Saturnus
941 3417 993 3470 luit
1009 3415 1163 3489 symbolum

108 3498 210 3556 melioria
221 3505 298 3566 vita,
316 3505 395 3576 cnjus
411 3504 489 3575 origo
500 3522 516 3558 a
529 3503 658 3570 statione,
672 3521 757 3558 messe
771 3501 947 3575 frugibusque
961 3499 1078 3554 inventia
1088 3516 1163 3570 repe·

109 3581 179 3638 tenda
185 3599 234 3654 ert,
246 3601 273 3643 et
285 3587 352 3644 binc
364 3587 524 3660 Aborigines
535 3588 595 3662 agri
607 3589 720 3663 vitaque
729 3589 834 3642 cultum
845 3585 969 3642 docuisse
977 3583 1100 3655 lingitur.
1117 3589 1128 3617 ²

141 3729 200 3781 Vtr.
215 3741 256 3792 to.
276 3735 396 3784 Saturnus
400 3731 517 3803 firgierm
532 3743 557 3784 et
569 3746 624 3784 erat
638 3709 786 3801 eirgrmculc
798 3733 880 3796 lutto,
894 3745 936 3794 tt,
948 3727 1022 3796 plane
1038 3727 1161 3796 eleganter

511 3905 743 3927 mm

139 4031 148 4058 ¹
161 4026 225 4080 eant
236 4031 329 4097 Rigalt.
342 4031 374 4082 tle
386 4031 459 4082 arur.
470 4034 562 4086 laven.
574 4043 600 4086 et
643 4033 676 4084 arl
689 4033 761 4098 virg.
775 4030 875 4082 Eneid.
889 4033 989 4096 V11,et
1002 4031 1029 4082 in
1044 4032 1102 4084 llxc.
1116 4033 1156 4092 113

106 4109 262 4171 *upnadllL
275 4114 325 4162 312
337 4129 389 4178 aeq.
643 4111 1104 4184 rdAEnrtd.u111,³rt-329,cnnt
1114 4128 1154 4162 so·
1196 4141 1199 4149 ·

137 4187 211 4241 ’tia
226 4192 308 4257 Hayn.
321 4193 462 4245 inlixcnra.
475 4194 519 4256 tr,
531 4205 554 4244 et
567 4195 600 4257 V,
643 4211 688 4260 pra
700 4195 753 4256 Vl,
769 4195 860 4245 r-r3.
