3036 4984
361 451 403 511 92
523 433 693 499 VARIAE
715 431 1007 500 LECTIONES
1029 431 1092 495 ET
1115 431 1265 496 NOTAE

395 551 461 598 Vas.
479 567 520 612 po.
538 549 628 597 Hateri
640 551 789 598 tantumdem
798 549 862 615 (boc
871 558 918 608 est,
930 548 990 596 tenti
1000 547 1124 602 aestimsri,
1134 546 1160 592 in
1171 545 1238 592 tanto
1248 544 1344 592 bonore
1355 541 1418 606 esse)
1514 563 1515 576 ¹

361 647 414 678 non
424 632 486 680 male
499 647 529 679 as
542 649 557 680 ι
568 648 601 681 m.
612 649 661 680 sea.
671 633 759 697 aliique
771 631 849 681 codd.
859 641 919 678 teste
929 645 957 678 se
967 629 1039 695 prob.
1049 629 1133 676 Heius.
1145 628 1177 675 sd
1185 625 1259 676 ovid.
1270 626 1342 672 Trist.
1352 628 1375 684 1,
1387 641 1419 686 9,

362 723 403 772 44.
414 716 534 764 Nationes
547 726 629 764 umen
638 716 742 764 honoris
756 715 794 763 vel
807 715 922 779 potentiss
933 724 957 761 et
967 712 1106 760 dinitiarum
1117 711 1180 758 bene
1190 710 1238 758 hue
1249 709 1301 757 luco
1310 709 1420 772 iungam

361 807 409 856 tur,
419 809 442 844 et
452 799 504 859 ills,
515 816 568 848 non
577 799 642 858 bue,
652 799 751 862 reliquis
761 799 900 846 sentinetur
912 796 1002 846 verbis.

395 893 463 944 Nor.
483 909 526 958 90.
546 893 613 958 Qun
628 909 710 962 quum
724 891 762 942 itu
775 891 838 950 sint,
856 889 915 960 quis
931 887 1037 960 optabit
1052 887 1157 940 eosdem
1171 888 1287 939 bonores
1302 885 1420 950 habere,

360 993 427 1044 quos
439 975 536 1028 babuit
549 976 672 1044 Sejanus,
694 986 722 1026 et
733 971 825 1026 eadem
839 973 909 1044 pati,
928 990 986 1043 quse
1001 971 1046 1024 ille
1058 989 1151 1043 passus
1163 969 1224 1023 est?
1242 1001 1277 1010 -
1296 971 1419 1029 Salassii,

362 1057 415 1108 coli
426 1075 432 1108 z
444 1077 506 1110 nam
516 1057 626 1111 clientes
633 1056 753 1127 patronis
763 1055 853 1108 officia
863 1067 986 1127 prtestars
998 1056 1040 1108 vel
1050 1055 1178 1106 honorem
1188 1053 1288 1105 babere
1299 1053 1422 1105 solebant

361 1139 516 1205 salutando,
526 1138 702 1203 occurrendo,
717 1139 853 1202 sectando,
863 1137 1036 1201 deducendo,
1046 1151 1097 1190 etc.
1109 1167 1143 1178 ·-
1153 1139 1247 1188 Habere
1256 1139 1419 1194 tantumdem,

362 1223 464 1276 scilicet
474 1223 630 1277 divitiarum
644 1235 670 1276 et
683 1222 815 1296 potentiss.
827 1222 906 1274 Conf.
919 1223 984 1272 Var.
996 1223 1067 1273 lect.

398 1393 467 1442 Vas.
488 1410 529 1456 9¹·
541 1393 602 1453 Ulli,
614 1403 704 1455 1449,
716 1379 924 1448 παρ-64000103,
937 1409 961 1451 r,
972 1407 1011 1453 70,
1023 1393 1111 1452 75,76,
1122 1389 1250 1454 etquidem
1259 1389 1338 1450 codd,
1345 1391 1422 1439 Paris.

361 1475 439 1522 Sellas
448 1475 541 1525 dertare
552 1477 663 1539 sandes,
683 1491 797 1531 trs-ra,
814 1483 923 1533 14-272
938 1474 1054 1531 lsi-50,
1070 1474 1188 1535 ‚tt-69,
1205 1481 1320 1535 71—74,
1334 1489 1381 1534 ῃ,
1399 1483 1424 1519 et

361 1571 448 1605 omnes
456 1559 505 1606 sere
516 1558 596 1608 codd.
610 1559 684 1606 l’nris.
693 1557 761 1605 baud
771 1556 847 1604 dubie
857 1571 871 1602 e
882 1556 970 1619 glossa.
980 1557 1051 1604 ilaue
1063 1566 1145 1603 tamen
1158 1555 1214 1603 leet.
1229 1555 1350 1602 revocetis
1360 1554 1423 1602 sch.

397 1651 467 1702 Nor.
487 1654 600 1719 91.1112',
615 1652 695 1715 huie,
713 1649 800 1703 elteri.
819 1653 914 1702 Getulis
927 1651 992 1704 sella
1006 1653 1123 1722 primum
1135 1649 1187 1703 tuit
1203 1667 1309 1720 regum,
1325 1648 1424 1703 deinde

360 1727 564 1801 magistratuum
574 1736 703 1805 majorum
710 1774 717 1799 ,
724 1735 951 1804 puta-consulum,
960 1729 1113 1797 censorum,
1123 1747 1267 1805 pratorum
1274 1746 1300 1786 et
1306 1733 1425 1786 edilium

360 1815 503 1870 curulium.
515 1818 586 1870 Hinc
595 1837 694 1870 sutnmoe
706 1822 812 1881 curules,
824 1817 927 1870 seilicet
939 1817 1009 1870 selle
1018 1857 1026 1882 ,
1035 1818 1077 1870 vel
1087 1817 1183 1869 summi
1194 1818 1299 1870 curules
1307 1817 1426 1869 honores

360 1909 389 1948 et
397 1899 565 1969 magistratus
575 1912 637 1952 suut
649 1899 815 1964 consulatus,
827 1911 859 1956 ut
867 1903 947 1967 major
956 1902 1054 1963 suadis,
1066 1897 1138 1971 apud
1149 1899 1217 1951 Stat.
1231 1899 1294 1952 Silr.
1307 1901 1329 1963 1,
1341 1905 1367 1964 4,
1378 1899 1426 1953 8¹.

397 1995 423 2047 Ν
425 2013 466 2048 or.
481 2013 522 2064 9²·
541 2001 620 2060 Tutor,
632 1995 757 2050 defensor
766 2009 793 2049 et
800 1996 916 2050 vicarius
925 1997 1044 2062 Principis
1052 2007 1079 2047 et
1089 1995 1193 2066 imperii
1203 2015 1209 2048 :
1218 2015 1280 2048 nam
1290 1995 1427 2060 Tiberim,

362 2093 445 2146 quum
462 2082 565 2146 Capreas
576 2079 735 2139 secessisset,
747 2078 889 2150 imperim
902 2077 999 2149 Sejano
1015 2076 1171 2131 tradiderat.
1185 2077 1264 2130 cont.
1279 2075 1313 2130 ad
1326 2097 1365 2132 vs.
1381 2097 1426 2147 7¹·

364 2155 415 2210 Sed
428 2172 492 2210 tutor
506 2163 627 2228 Principis
640 2162 694 2214 hoc
708 2161 769 2212 loco
781 2159 837 2213 dici
850 2159 955 2214 videtur
972 2181 1020 2233 per
1031 2160 1180 2214 ludibrium
1197 2159 1311 2224 Tiberii,
1331 2161 1377 2232 qui
1389 2158 1426 2213 ad

363 2241 452 2312 Sejani
461 2244 601 2296 arbitrium
610 2256 758 2315 nutumque
767 2263 795 2296 se
804 2255 891 2296 totum
898 2243 1032 2314 fingebat,
1043 2255 1069 2296 et
1076 2243 1173 2316 pupilli
1184 2243 1268 2295 instar
1278 2243 1305 2294 in
1316 2245 1374 2314 ejus
1381 2256 1426 2294 tu·

364 2325 445 2376 telam
454 2339 561 2378 venerat
569 2367 577 2391 ,
586 2327 629 2379 vel
640 2339 734 2398 sponte
748 2345 774 2380 se
786 2325 1047 2394 tradiderat-Rupe
1060 2333 1218 2395 Caprenmm,
1230 2345 1291 2379 nam
1300 2326 1429 2378 Tiberius

364 2435 374 2454 ι
387 2410 502 2481 Capreas
516 2429 543 2463 se
554 2411 681 2477 contulit,
702 2412 834 2483 praecipue
849 2412 996 2465 delectatus
1012 2412 1116 2474 insula,
1130 2411 1203 2484 quod
1221 2431 1275 2464 uno
1285 2400 1428 2483 ¹parvoque

362 2493 440 2544 litore
452 2491 580 2557 adiretur,
593 2507 667 2567 septa
678 2493 798 2566 undique
815 2496 957 2568 praeruptis
970 2497 1103 2548 immensis
1117 2494 1268 2548 altitudinis
1279 2493 1392 2565 rupibus
1402 2505 1430 2546 et

361 2575 497 2648 profundo
507 2577 621 2642 maris;»
634 2578 707 2629 Suet.
718 2577 779 2628 Tib.
793 2597 816 2630 c.
827 2583 869 2640 40.
883 2580 922 2630 De
935 2581 1035 2647 Capreis
1045 2578 1102 2633 vid.
1113 2577 1149 2631 ad
1158 2597 1197 2632 vs.
1210 2597 1252 2648 7²·
1263 2608 1298 2620 -·
1306 2579 1435 2650 Sedentis,

361 2659 500 2729 preclare3
512 2679 566 2711 non
578 2672 631 2711 tam
640 2660 716 2730 regui
727 2659 817 2712 sedern
825 2661 900 2733 qussi
908 2659 1047 2726 babeatis,
1061 2678 1142 2731 quam
1154 2659 1332 2714 consumentis
1341 2659 1431 2710 otium

362 2754 388 2794 et
406 2741 516 2814 quidem
534 2755 588 2794 tam
601 2746 775 2814 segne(nam
793 2749 888 2808 sedere,
906 2738 975 2801 ἧσθαι
994 2756 1020 2796 et
1040 2747 1155 2800 tessun
1173 2743 1207 2798 de
1221 2744 1318 2814 ignavo
1330 2742 1388 2795 otio
1402 2756 1431 2795 et

362 2829 477 2881 obscura
487 2829 543 2880 vita
559 2845 628 2900 supe
641 2827 816 2895 adhibentur,
829 2829 863 2882 de
877 2847 931 2901 quo
944 2828 1007 2881 vide
1018 2829 1109 2882 Klotz.
1125 2828 1159 2881 ad
1173 2831 1250 2902 Tyrt.
1265 2847 1325 2900 psg.
1343 2829 1390 2890 143
1403 2831 1430 2896 ),

363 2930 443 2983 quam
455 2911 611 2964 diuturnum
622 2913 690 2984 (per
701 2927 802 2985 septem
814 2931 879 2966 vero
892 2931 977 2966 annos
989 2912 1119 2984 usquead
1133 2914 1195 2967 vitae
1209 2913 1290 2966 linem
1301 2912 1430 2966 Tiberius

363 2994 472 3065 Capreis
483 3007 661 3052 commoratus
672 2997 742 3066 est),
756 2997 824 3050 forte
833 3010 860 3049 et
869 2997 1064 3068 turpissimum,
1077 3015 1160 3067 quum
1171 2997 1198 3050 iu
1209 2998 1309 3068 ganeis,
1321 2997 1430 3068 popinis

363 3088 391 3128 et
409 3076 585 3146 lupanaribus
603 3077 689 3131 ventri
702 3077 864 3150 libidinique
878 3079 1029 3150 indulgeret
1046 3077 1158 3132 sedens:
1171 3099 1233 3132 nnnr
1254 3091 1334 3152 poeta
1350 3079 1431 3132 simul

363 3160 479 3212 innuisse
489 3157 605 3224 videtur,
614 3159 691 3233 quod
700 3175 830 3214 memorat
845 3164 918 3215 Suet.
930 3163 993 3215 Tib.
1005 3181 1063 3234 cap.
1077 3164 1109 3225 43
1122 3179 1128 3213 :
1144 3189 1154 3208 α
1164 3164 1273 3216 Secessu
1284 3163 1431 3234 Capreensi

267 3285 273 3296 .
362 3242 442 3294 etiam
463 3241 595 3294 sellariam
610 3244 771 3314 excogitavit
787 3243 877 3297 sedem
893 3261 1050 3298 arcanarum
1068 3243 1228 3312 libidinum,
1243 3259 1293 3299 ete.
1304 3273 1315 3292 ·
1330 3246 1433 3299 Confer

364 3324 448 3397 intpp.
462 3325 542 3377 Mart.
561 3326 597 3392 V,
609 3343 652 3395 71,
672 3327 698 3380 3.
708 3357 742 3368 -
752 3333 865 3398 Angrtsta
879 3329 904 3378 in
917 3347 982 3396 ηιμ,
998 3327 1059 3382 vide
1070 3331 1136 3383 Vsr.
1152 3332 1225 3384 lect.

398 3485 465 3532 Vua.
484 3485 526 3547 93.
547 3487 670 3549 Angruta,
685 3503 707 3544 1,
721 3501 764 3544 ro,
777 3501 895 3548 ar—m,
908 3489 956 3546 54,
970 3489 1017 3548 56,
1028 3491 1073 3544 62,
1084 3491 1131 3549 64,
1143 3489 1259 3553 69-76,
1275 3488 1322 3544 82,
1337 3489 1435 3552 etqui-

363 3566 420 3614 dam
430 3567 509 3616 Codd.
521 3568 652 3618 Partehoc
664 3578 712 3628 est,
730 3585 783 3632 quae
794 3569 864 3617 sedes
873 3571 943 3633 qussi
954 3571 1024 3634 regui
1036 3571 1094 3631 luit,
1111 3589 1124 3620 s
1138 3571 1219 3621 Romu
1230 3571 1289 3619 illuc
1303 3570 1417 3618 translati
1427 3589 1435 3628 ;

363 3648 401 3696 vel
413 3649 569 3712 imperatoria
578 3667 606 3698 ae
614 3661 694 3698 saneta
708 3649 775 3714 (vide
785 3651 857 3700 Ouid.
867 3655 929 3700 Fast.
941 3655 967 3712 Ι,
981 3654 1032 3718 609
1042 3653 1103 3718 seq.)
1115 3665 1139 3702 et
1150 3653 1301 3712 venerabili,
1313 3653 1438 3717 quoniam

363 3731 481 3796 principis
495 3733 541 3780 fuit
550 3749 665 3782 secessus.
678 3733 725 3782 Sed
736 3734 787 3783 hsee
796 3736 866 3783 notio
876 3737 925 3795 jam
935 3737 1083 3800 exprimitur
1094 3737 1176 3786 serbis
1182 3734 1304 3800 principis
1318 3734 1438 3793 sedentis,

364 3824 389 3860 et
400 3816 525 3864 venustius
538 3818 725 3882 mordaciusque
737 3831 774 3867 est
784 3821 913 3886 epitheton
923 3834 1045 3887 angentes,
1062 3823 1131 3886 quud
1145 3823 1240 3870 restitui
1255 3839 1286 3869 ex
1306 3837 1344 3886 rr,
1365 3831 1437 3876 rt·-

365 3913 410 3956 no,
423 3898 538 3960 45-50,
553 3901 594 3961 55,
610 3897 787 3964 57-61‚'63‚
806 3906 925 3964 65-68,
946 3922 986 3966 ῃ.
1003 3915 1027 3952 et
1045 3905 1144 3969 optimis
1161 3907 1231 3954 MSS.
1248 3905 1323 3954 Puris.
1342 3903 1436 3966 probb.

363 3977 449 4042 Scalig.
459 3979 490 4026 ad
500 3981 587 4029 Manil.
598 3999 623 4046 p.
635 4001 668 4031 m.
678 3993 710 4040 40
719 4003 727 4044 3
737 3987 809 4035 Voss.
822 3987 958 4052 Etymolog.
972 4004 1026 4052 pag.
1039 3989 1087 4046 30;
1102 3987 1236 4036 lindenbr.
1246 3997 1269 4034 et
1280 3987 1343 4034 Aah.
1355 3987 1436 4050 Finge

364 4063 409 4118 ,ibi
418 4064 588 4128 imperatorem
600 4069 740 4118 Romanum
748 4081 773 4118 et
781 4073 935 4137 Augustum,
946 4072 1056 4136 inparve
1069 4087 1096 4118 ae
1107 4081 1204 4133 petrosa
1214 4070 1292 4124 insula
1298 4068 1436 4120 sedentem.

363 4147 434 4194 Conl.
444 4147 540 4198 Consu.
