3036 4984
271 441 273 444 ,
352 369 413 434 130
505 361 677 430 vante
699 359 991 428 uucmouos
1015 361 1078 426 ur
1101 335 1255 426 uorsa

347 481 446 536 dicunt.
457 479 519 532 Non
534 495 598 530 vero
610 493 745 546 opponere
757 473 809 526 eibi
826 471 938 526 invicem
948 472 1036 526 voluit
1045 474 1061 524 J
1064 471 1185 527 uveuulis
1202 474 1306 540 oppium
1317 481 1344 524 et
1362 475 1410 522 Go-

344 570 445 628 uttam,
458 561 505 616 scd
518 560 609 634 potius
628 557 765 630 utriusque
777 556 901 627 exemplo
920 555 1017 610 docere
1031 555 1143 612 lominus
1154 551 1200 608 ‘vel
1220 554 1411 617 nobilissimus,

347 649 369 702 si
382 644 496 700 libidine
509 642 697 714 corripiantur,
715 653 863 713 temperare
877 639 929 693 sibi
950 657 1005 692 nou
1022 657 1113 712 posse,
1126 638 1191 710 quin
1210 637 1314 708 generis
1324 650 1350 690 et
1360 636 1414 690 luei
1508 687 1509 708 ,

348 731 514 784 immemores
532 727 631 780 lamam
647 743 680 778 sc
695 742 791 778 numos
809 723 962 796 abjiciant·
973 721 1043 774 Huic
1063 734 1152 774 umen
1170 721 1285 774 consilio
1298 739 1351 773 uon
1372 740 1415 774 re·

346 824 452 886 pugnat
468 809 619 882 oppositio,
639 827 697 880 que
716 806 867 880 probabilis
886 822 993 876 quoque
1004 804 1051 868 fit,
1074 823 1106 857 ex
1126 823 1184 858 voc.
1202 807 1264 870 sive,
1280 809 1338 857 sive.
1352 805 1414 857 For·

348 909 418 948 tasse
434 893 514 947 etiam
532 911 586 945 nou
602 889 714 944 deerunt
730 888 777 961 qui
788 907 883 940 moeres
894 889 982 959 legere
995 888 1098 942 malint.
1116 886 1195 941 Coul'.
1208 889 1273 942 Vur.
1289 891 1363 942 lect.

383 1067 452 1114 Vsu.
472 1066 531 1119 lat.
544 1057 640 1126 Profuit
651 1058 702 1116 uni,
718 1061 758 1109 rs.
769 1057 941 1124 Pmfititergo,
956 1067 998 1122 49,
1011 1059 1053 1110 55.
1071 1055 1170 1124 Profisit
1182 1057 1251 1117 olim,
1265 1058 1308 1115 or,
1320 1060 1364 1116 62,
1373 1057 1418 1116 63,
1508 1099 1509 1108 ,

350 1148 590 1210 ⁶6-6ur1-7u
607 1157 648 1203 ῃ.
665 1138 713 1188 uas
723 1151 747 1190 a
759 1140 817 1189 ozon
829 1141 917 1206 legno
935 1142 1007 1189 eum
1020 1141 1047 1188 sn
1061 1140 1209 1205 quibusoam
1224 1141 1292 1188 mss.
1305 1139 1380 1188 ruo.

383 1246 450 1291 Vsu.
470 1241 528 1289 32⁵.
546 1235 734 1302 Bellerophonti,
751 1254 791 1301 η,
806 1254 846 1302 19,
862 1253 904 1296 ιι,
922 1253 964 1298 as,
980 1236 1023 1296 23,
1036 1237 1077 1294 45,
1093 1243 1135 1299 49,
1149 1236 1190 1296 bo,
1205 1235 1247 1284 65.

384 1341 451 1388 vu.
471 1336 530 1386 suo.
551 1333 620 1382 Certe
631 1350 678 1399 pro
688 1349 782 1400 nempe,
796 1334 837 1395 ull,
850 1349 892 1394 ur,
907 1333 1053 1390 st.-Seu,
1070 1329 1271 1394 au.—-llepulra
1279 1329 1374 1378 restitui
1384 1345 1417 1377 ex

354 1424 464 1482 10-16,
474 1434 587 1480 ar-ap,
597 1419 709 1478 tls-50,
720 1418 832 1481 54-69,
842 1425 953 1478 7ι-74,
967 1415 1080 1480 llepulso,
1095 1431 1203 1476 rp-ao,
1217 1430 1257 1476 70,
1269 1413 1311 1474 75,
1323 1414 1364 1474 76,
1376 1415 1420 1472 8²,

307 1483 322 1558 l
350 1506 419 1573 quud
432 1503 558 1570 quomodo
573 1501 690 1566 explicari
706 1501 836 1550 commode
849 1501 940 1566 possit,
956 1502 1001 1548 vix
1013 1515 1138 1564 assequor.
1149 1499 1197 1548 Sed
1212 1514 1291 1562 neque
1304 1513 1355 1546 vox
1367 1497 1421 1546 haec

351 1589 399 1638 hoc
409 1588 464 1636 loco
473 1584 598 1634 convenit.
608 1584 721 1632 Refertur
731 1583 804 1647 vulgo
817 1583 849 1631 sd
860 1583 997 1640 Phaedram,
1008 1581 1137 1648 Hippolyti
1145 1597 1285 1640 novercam,
1297 1596 1352 1645 qut
1360 1596 1421 1628 mox

353 1669 440 1719 emsa
457 1665 554 1716 dieitur.
573 1665 707 1713 Durissims
724 1680 783 1714 vero
798 1675 834 1712 est
849 1665 902 1714 hue
919 1667 1085 1729 rstio,quuu1
1102 1663 1230 1726 uullscjus
1243 1673 1313 1712 untes
1326 1664 1420 1711 mentio

351 1751 383 1800 sit
394 1751 468 1807 laets,
481 1758 507 1796 et
518 1747 582 1796 nihil
595 1765 634 1795 rue
647 1757 730 1796 movet
742 1749 903 1796 contradictio
919 1750 1005 1798 Heius.
1019 1770 1030 1792 ι
1038 1749 1079 1797 Ad
1091 1747 1143 1796 lure
1154 1748 1223 1795 facile
1232 1747 1262 1814 (¹)
1273 1763 1305 1795 ex
1316 1763 1421 1810 aqueu-

352 1831 417 1881 tibus
429 1829 520 1878 autumi
534 1838 615 1894 potest
627 1829 718 1878 Cressa.
730 1829 795 1878 Tslis
807 1831 957 1879 constructio
970 1845 1023 1879 uon
1036 1831 1149 1878 inustus·
1162 1839 1198 1878 est
1211 1840 1234 1879 et
1243 1829 1330 1894 sapius
1341 1830 1422 1878 multo

352 1916 465 1966 duriores
478 1913 646 1962 inveniuntur.
662 1913 727 1962 Vide
743 1914 822 1962 Gron.
834 1914 906 1963 Obss.
924 1917 967 1972 tv,
984 1923 1008 1973 4,
1020 1915 1052 1962 sd
1065 1916 1123 1965 Stat.
1136 1913 1215 1964 Tueb.
1230 1917 1255 1967 1.
1270 1929 1330 1975 rsa,
1348 1923 1373 1961 et
1388 1914 1422 1961 sel

351 2002 404 2049 bie.
415 1999 506 2056 m,
519 2013 560 2058 7.»
572 1997 638 2045 Olim
653 1997 802 2061 suspicabor,
811 2008 908 2062 poetam
918 1998 1044 2062 scripsisse
1055 2015 1061 2046 ε
1072 1997 1174 2045 Erubuit
1186 2013 1244 2044 ram
1259 1995 1382 2055 Plsaedra,
1397 2007 1426 2043 ue

345 2081 473 2156 fastidito,
487 2080 593 2144 repulsa.
607 2080 712 2128 librarii
725 2081 828 2130 omuino
842 2081 962 2146 permulta
973 2081 1007 2128 sie
1018 2081 1071 2129 loos
1083 2091 1106 2128 et
1117 2082 1219 2128 nonnius
1231 2079 1258 2127 iu
1268 2079 1355 2144 primis
1365 2095 1425 2144 pro·

351 2168 406 2232 pris
422 2180 554 2228 corrupere
566 2180 572 2211 ι
583 2165 710 2213 Juveuslis
728 2167 801 2214 etism
819 2165 935 2225 Phoedro,
955 2166 1053 2230 opinor,
1071 2181 1118 2228 pro
1139 2165 1224 2213 Cressa
1242 2163 1355 2224 dixisset,
1372 2163 1424 2210 nisi

352 2250 415 2300 illud
425 2263 516 2298 nomeu
526 2248 576 2309 ism
589 2260 756 2298 memorasset.
773 2249 869 2298 Vellem
879 2260 961 2297 tumen
972 2249 1051 2296 lenior
1066 2249 1165 2296 deretur
1178 2247 1307 2295 medicine.

387 2347 458 2404 Nou.
476 2350 537 2412 324.
556 2351 606 2401 Sed
614 2364 680 2402 cesto
690 2355 750 2420 quid
756 2355 844 2422 sonno
856 2355 970 2426 pulchra
983 2362 1072 2404 noeetz³
1083 2352 1224 2425 Objectio,
1236 2371 1316 2424 quam
1326 2350 1427 2406 refellit

352 2447 432 2509 poets
445 2433 573 2505 exemplis
586 2438 710 2504 Hippolyti
722 2450 749 2489 et
761 2442 958 2506 Bellerophontis,
971 2455 1086 2510 quorum
1100 2437 1207 2488 castitas
1222 2437 1264 2489 vel
1274 2437 1301 2488 in
1314 2455 1427 2508 prover·

351 2519 429 2572 bium
437 2516 524 2582 venit,
534 2536 654 2589 quosque
662 2537 738 2587 grave
743 2523 894 2588 propositum
906 2534 985 2574 castre
995 2521 1058 2573 vitae
1066 2559 1073 2584 ,
1081 2519 1123 2572 vel
1135 2519 1263 2572 castitatis
1273 2517 1426 2586 servandus,

354 2619 409 2654 uon
419 2617 434 2651 s
445 2599 570 2672 periculis
581 2612 653 2655 tutos
668 2602 804 2671 praestitit,
820 2602 864 2655 sed
881 2603 908 2655 in
922 2602 1055 2674 euporius
1068 2603 1190 2674 conjecit.
1209 2634 1241 2644 —
1257 2604 1324 2668 Quid
1331 2607 1431 2672 proficit
1508 2653 1509 2664 ,

352 2687 512 2749 immopotius
529 2682 617 2751 (Gall.
632 2703 665 2734 au
682 2689 821 2755 commite)
837 2687 880 2738 his
894 2685 1002 2739 libidini
1017 2686 1170 2756 incestuque
1185 2685 1269 2738 umori
1281 2685 1428 2738 mulierum

353 2768 497 2829 restitisse,
509 2777 535 2818 et
549 2765 698 2820 castitatem
713 2775 845 2822 servasse?
857 2799 892 2810 -
902 2773 1060 2837 Hippolytus,
1076 2768 1174 2820 Thesei
1188 2767 1259 2820 lilius
1272 2767 1427 2839 pulcherri-

353 2870 426 2910 mus,
446 2849 493 2922 qui
514 2867 529 2900 s
548 2847 661 2902 Phaedra
680 2871 810 2916 noverca,
826 2853 902 2924 cujus
920 2853 1021 2904 incesto
1040 2850 1124 2902 umori
1139 2869 1193 2902 non
1209 2851 1425 2922 obsequebatur,

353 2933 422 2985 lalso
436 2931 509 3004 sputi
520 2943 624 3002 patrem
638 2935 723 3005 stupri
736 2935 920 2995 insimulatus,
937 2947 978 2998 et,
989 2951 1071 3004 quum
1084 2933 1164 3005 hujus
1178 2933 1377 3006 iramlugeret,
1389 2934 1426 2986 ab

354 3015 446 3086 equis,
463 3033 530 3085 quos
541 3014 694 3085 Neptunus,
709 3017 807 3070 Thesei
817 3018 941 3089 precibus
958 3016 991 3069 ad
1006 3015 1154 3070 vindictam
1166 3030 1341 3088 provocatus,
1355 3036 1424 3070 con·

355 3108 534 3162 sterueverut,
547 3115 628 3150 curru
642 3098 762 3172 dejectus
778 3113 951 3172 raptatosque
965 3100 1060 3151 misere
1073 3101 1166 3170 periit3
1185 3099 1245 3152 vide
1260 3099 1339 3154 ovid.
1358 3101 1425 3156 tter.
1508 3091 1509 3094 Ἴ

355 3179 408 3242 tv,
419 3191 446 3231 et
455 3177 536 3231 ovid.
549 3179 613 3232 Met.
625 3179 686 3242 XV,
701 3189 747 3249 49¹
763 3201 816 3252 seq.
827 3183 922 3252 Eurip.
935 3194 961 3234 et
973 3183 1064 3233 Senec.
1076 3183 1104 3234 in
1117 3181 1227 3255 Hippoi.
1235 3183 1328 3234 Athen.
1336 3183 1424 3248 xltt,

356 3257 372 3309 8
387 3260 472 3328 (74),
491 3277 518 3329 p.
536 3262 598 3312 600.
615 3261 726 3332 Mythos
743 3261 775 3314 de
792 3263 941 3335 Hippolyto
959 3265 1067 3334 exponit
1083 3265 1121 3317 ill.
1142 3269 1265 3316 Crettrer's
1283 3269 1424 3330 ᾣιηῠοὶἰᾶ,

356 3353 421 3394 tom.
432 3343 477 3404 11,
492 3359 553 3412 pag.
566 3341 626 3411 357,
642 3343 707 3411 489;
721 3357 785 3397 tom.
798 3347 849 3410 tv,
863 3365 924 3417 pag.
940 3346 987 3400 153
1004 3366 1057 3419 seq.
1070 3380 1104 3388 -
1118 3352 1291 3416 Bellerophon,
1304 3367 1350 3402 seu
1363 3351 1426 3401 Bel·

354 3425 543 3498 leropbontes,
560 3423 633 3477 lilius
649 3426 746 3479 Glauci
763 3441 790 3481 et
801 3428 924 3501 Sisyphi,
941 3429 1141 3485 Corinthiorum
1158 3437 1243 3505 regis,
1259 3451 1358 3503 nepos,
1376 3433 1426 3504 qui

355 3527 439 3580 quum
455 3527 470 3561 s
487 3509 591 3572 Proeto,
608 3510 768 3580 Argivorum
787 3531 865 3584 rege,
883 3513 1002 3584 hospitio
1020 3527 1144 3584 exceptus
1164 3528 1189 3565 et
1211 3516 1245 3566 ab
1267 3515 1323 3585 ejus
1339 3532 1426 3567 uxore

355 3594 493 3660 Sthertsloea
507 3592 543 3646 ad
553 3593 714 3648 adulterium
726 3598 855 3668 pellectus
869 3608 949 3658 esset,
965 3609 1075 3666 propter
1092 3599 1224 3668 repulsum
1240 3597 1274 3650 ab
1290 3615 1320 3649 ea
1336 3598 1426 3668 stupri

356 3675 429 3745 apud
436 3678 562 3730 maritum
575 3691 731 3742 sccusstus,
741 3692 767 3732 et
778 3679 813 3732 ad
823 3679 936 3732 lobuteu
946 3697 1068 3732 socerum
1077 3681 1174 3736 missus
1183 3693 1239 3746 est,
1254 3693 1284 3732 ut
1293 3681 1327 3733 ab
1336 3699 1368 3732 eo
1380 3681 1425 3733 in·

356 3759 528 3813 terliceretur.
543 3763 581 3812 De
593 3761 635 3812 bis
645 3773 671 3813 et
680 3761 789 3832 reliquis
800 3765 857 3834 ejus
869 3762 931 3814 latis
945 3759 1006 3814 vide
1019 3761 1097 3814 Hom.
1111 3762 1152 3824 ll,
1167 3764 1193 3826 l,
1206 3763 1253 3816 152
1266 3781 1319 3833 seq.
1333 3763 1424 3834 lleyu.

356 3839 391 3892 ad
399 3839 521 3912 Apollod.
535 3841 578 3903 11,
591 3840 620 3908 3,
635 3859 657 3907 1,
670 3855 695 3895 et
707 3844 857 3896 Mitscberl.
872 3841 907 3896 ud
923 3843 1016 3896 Horat.
1030 3841 1084 3896 Od.
1098 3845 1157 3908 lll,
1175 3864 1215 3916 17,
1231 3845 1262 3898 13
1272 3863 1327 3916 seq.
1342 3845 1423 3897 Cous.

357 3923 628 3985 Creorsrsvsflnbottt,
639 3934 702 3978 tom.
716 3926 764 3990 IV,
776 3945 838 3998 pag.
850 3929 892 3978 62.

387 4088 455 4135 Vsu.
475 4087 534 4149 lap.
554 4088 694 4140 Stheucloeo
707 4095 820 4143 revocari
831 4111 861 4144 ex
876 4095 918 4158 46,
932 4104 974 4157 47,
988 4097 1028 4156 tl,
1043 4098 1083 4160 io,
1093 4099 1136 4157 62,
1147 4099 1190 4157 64,
1201 4093 1319 4161 quoniam
1331 4097 1425 4146 Graecis
