3074 4990
331 449 370 490 ra
416 428 455 490 D.
486 425 623 490 JUNll
651 429 934 493 JUVENALIS
964 433 1147 500 SATIRA
1172 434 1323 501 NONA.

325 537 395 611 but
408 542 510 625 farre,
526 557 561 610 et
578 542 672 609 tenui
687 541 777 609 soleo
792 565 929 610 exorare
946 569 1088 633 corona,

323 652 469 740 Quando
485 677 547 746 ego
563 651 663 744 figam
676 649 820 743 aliquid,
836 675 904 744 quo
920 652 963 721 sit
978 656 1063 724 mihi
1077 673 1150 727 tuta
1166 673 1320 728 senectus

322 762 353 828 A
371 774 476 856 tegete
493 776 526 830 et
538 754 674 828 baculo!
691 758 809 852 viginti
824 758 926 828 millia
940 760 1039 832 fenus
1344 786 1394 843 140

323 872 520 965 pigneribus
535 869 668 962 positis,
686 869 815 964 argenti
832 870 965 940 vascula
983 875 1076 966 puri,

322 981 387 1048 Sed
403 1007 477 1075 quae
491 979 662 1046 Fabricius
679 1003 797 1046 censor
813 993 928 1065 notet,
946 996 981 1049 et
993 983 1061 1051 duo
1081 983 1183 1054 fortes

320 1091 372 1158 De
386 1114 484 1185 grege
501 1091 704 1173 Moesorum,
722 1089 780 1180 qui
796 1111 850 1156 me
868 1089 999 1158 cervice
1015 1090 1124 1162 locata

321 1203 480 1269 Securum
496 1199 638 1292 jubeant
651 1197 798 1268 clamoso
814 1198 965 1268 insistere
982 1201 1086 1271 circo!

322 1314 371 1380 Sit
384 1311 467 1379 mihi
482 1325 642 1404 praeterea
659 1333 782 1378 curvus
797 1304 947 1396 caelator,
966 1325 999 1379 et
1014 1311 1112 1398 alter,
1346 1328 1395 1390 145

321 1422 389 1509 Qui
407 1418 526 1488 multas
541 1419 643 1487 facies
660 1419 777 1511 pingat
792 1413 874 1486 citol
896 1417 1070 1490 sufficiunt
1087 1423 1173 1508 haec,

319 1530 464 1618 Quando
483 1555 546 1624 ego
561 1553 690 1623 pauper
704 1553 774 1595 ero.
790 1529 918 1596 Votum
935 1532 1142 1620 miserabile,
1160 1558 1224 1602 nec
1239 1558 1313 1626 spes

322 1639 381 1706 His
394 1636 511 1706 saltem
525 1664 532 1705 :
546 1663 640 1724 nam,
657 1661 762 1731 quum
778 1662 841 1731 pro
858 1663 912 1707 mo
927 1643 1077 1710 Fortuna
1093 1658 1247 1738 rogatur,

320 1745 438 1841 Affigit
455 1773 544 1816 ceras
561 1743 615 1816 illa
629 1746 671 1814 de
685 1770 771 1814 nave
786 1748 920 1841 petitas,

320 1855 405 1942 Qum
420 1855 549 1925 Siculos
566 1869 684 1925 cantus
704 1853 827 1950 effugit
842 1857 966 1951 remige
982 1859 1096 1928 surdo.
1344 1873 1394 1928 150

319 2073 394 2155 mola
405 2074 474 2129 salsa
486 2092 620 2144 veneror,
634 2074 740 2148 quibus
749 2075 865 2152 exiguos
875 2074 1026 2150 imponere
1036 2093 1156 2134 coronas
1165 2075 1260 2143 soleo,
1274 2072 1394 2130 fervidis

320 2183 442 2222 exorans
453 2167 601 2240 precibus,
615 2167 798 2240 quandonam
809 2187 863 2243 ego
873 2187 1007 2243 assequar
1018 2168 1133 2224 taudem
1146 2179 1254 2224 certem
1264 2166 1396 2242 pecuniae

318 2275 474 2326 summam,
488 2277 544 2333 qua
555 2259 645 2315 fretus
657 2259 793 2336 effugiam
803 2259 1018 2316 mendicitatem
1032 2260 1061 2315 in
1073 2269 1238 2328 senectute,
1248 2270 1282 2316 ut
1292 2277 1329 2314 ne
1342 2259 1398 2313 ob-

319 2350 390 2408 situs
405 2351 593 2422 centonibus,
608 2350 693 2408 nisus
709 2352 831 2422 baculo,
847 2353 950 2427 stipem
967 2371 1124 2428 corrogare
1139 2352 1248 2428 cogar?
1266 2349 1394 2448 Quendp

263 2484 265 2490 ,
319 2463 335 2499 e
349 2444 474 2500 nummis
487 2453 590 2500 mutuo
602 2443 674 2500 datis
688 2443 825 2520 recipiam
840 2462 934 2500 usurae
947 2445 1065 2500 nomine
1076 2443 1180 2521 viginti
1194 2443 1395 2500 sestertiorum

319 2535 426 2604 millia,
447 2534 570 2609 acceptis
591 2545 657 2589 ante
671 2534 861 2610 pignoribus,
882 2545 915 2589 ut
931 2537 1012 2592 fenus
1031 2536 1101 2591 mihi
1123 2536 1213 2605 elabi,
1229 2546 1279 2591 aut
1297 2535 1395 2610 perire

319 2637 453 2700 nequeat.
467 2625 660 2694 Quandonam
668 2643 756 2698 penes
766 2643 812 2680 me
826 2625 906 2681 domi
918 2627 974 2681 erit
985 2627 1118 2683 nonnihil
1129 2625 1334 2702 suppellectilis
1346 2645 1396 2681 ar-

318 2727 440 2793 genteae,
456 2717 495 2773 ob
507 2733 593 2790 quam
607 2736 623 2770 a
638 2716 772 2772 Fabricio
785 2736 904 2773 censore
915 2719 1011 2774 notari
1026 2729 1054 2774 et
1068 2719 1241 2792 reprebendi
1252 2719 1318 2792 jure
1328 2737 1396 2792 pos-

319 2811 390 2866 sim!
407 2812 472 2866 Duo
489 2809 559 2864 item
579 2809 707 2864 valentes
726 2819 755 2864 et
781 2807 909 2878 robusti,
927 2810 1025 2883 quales
1045 2829 1061 2865 e
1080 2809 1179 2866 Moesia
1198 2809 1255 2864 hue
1272 2809 1396 2864 veniunt

319 2904 409 2972 servi,
427 2903 478 2977 qui
488 2919 534 2958 me
545 2911 624 2957 certa
633 2901 765 2958 mercede
778 2911 873 2976 pacta,
888 2901 1019 2974 subjecto
1031 2903 1107 2957 eollo
1121 2911 1234 2977 gestent
1245 2900 1395 2957 sedentem

319 2995 352 3050 in
373 2995 491 3064 lectica,
512 3005 540 3049 et
555 3011 608 3068 per
625 2993 753 3050 medium
771 2993 889 3050 Circum
904 2995 1014 3068 populo
1030 2994 1206 3050 vociferante
1223 2991 1393 3064 differtum,

321 3099 384 3144 tuto
399 3087 568 3162 deportentl
582 3087 688 3144 adhaec
701 3087 810 3162 opifex,
825 3086 875 3163 qui
888 3087 987 3143 eaelare
1000 3098 1028 3142 et
1037 3088 1150 3162 signare
1161 3097 1296 3162 argentea
1307 3105 1395 3158 vasa3

319 3200 372 3236 nec
388 3197 448 3234 non
460 3180 541 3248 alter,
552 3179 602 3252 qui
617 3189 723 3235 statuas
733 3189 761 3234 et
769 3177 909 3254 imagines
922 3198 955 3233 ex
968 3179 1069 3254 argilla
1082 3181 1126 3234 vel
1142 3177 1206 3235 ee'ra
1218 3175 1328 3252 fingere
1338 3199 1396 3235 na-

319 3271 395 3326 viter
410 3288 442 3324 ac
459 3280 573 3324 strenue
590 3269 689 3324 norit?
704 3271 770 3324 llaeo
789 3269 860 3324 m'ibi
875 3270 942 3326 satis
956 3269 1073 3325 suntad
1086 3270 1174 3325 vitam
1190 3269 1272 3324 beate
1287 3281 1396 3327 transs-

318 3363 458 3440 gendam,
479 3360 616 3435 quoniam
636 3362 667 3415 in
685 3362 738 3416 hac
758 3371 927 3436 paupertate
946 3381 1038 3438 cogor
1053 3380 1177 3418 manere.
1194 3363 1304 3418 Votum
1323 3382 1395 3421 sane

318 3457 455 3531 exiguum
465 3467 494 3511 et
504 3454 683 3511 miserabile!
692 3453 743 3509 sed
754 3473 790 3510 ne
799 3455 849 3508 illa
860 3453 977 3528 quidem
986 3464 1044 3509 tam
1056 3453 1150 3509 tenuia
1159 3472 1274 3528 sperare
1283 3455 1392 3512 ausim:

319 3569 409 3623 quum
426 3548 502 3605 enim
513 3559 634 3624 rogatur
646 3547 779 3614 fortuna,
794 3557 826 3602 ut
839 3546 910 3601 mibi
921 3546 1029 3613 faveat,
1045 3546 1162 3601 videtur
1172 3543 1226 3600 sibi
1240 3563 1323 3599 aures
1334 3565 1393 3620 op-

317 3643 398 3718 plere
410 3660 487 3710 cera,
501 3652 533 3696 ut
545 3640 614 3696 olim
625 3641 742 3715 Ulysses
753 3638 884 3713 opplevit
897 3637 1053 3712 remigibus
1063 3637 1136 3706 suis,
1149 3655 1222 3711 quos
1234 3637 1396 3696 erratione

319 3736 422 3792 surdos
434 3733 580 3802 reddidit,
594 3752 631 3789 ne
645 3733 779 3788 Sirenum
795 3729 926 3788 cantibus
939 3729 969 3784 in
983 3729 1139 3803 perniciem
1153 3727 1347 3784 allicerentur.
