3030 4984
224 415 399 486 SATlRAE
423 415 606 485 DECIMAE
628 413 806 482 TERTIAE
830 415 1047 484 ANALYSIS.
1109 417 1173 504 239

239 907 476 996 SATIRAE
510 903 766 996 DECIMAE
799 905 1043 994 TERTIAE

540 1104 747 1161 ANALYSIS.

144 1330 240 1388 Satira
258 1327 375 1406 egregia
400 1339 428 1386 et
450 1329 535 1406 plena
555 1329 620 1386 salis
646 1326 909 1406 sententiammqne
934 1329 1175 1406 gravissimarum.

111 1433 321 1492 Consolationis
330 1433 414 1489 etiam
424 1443 611 1490 monumenta
620 1432 761 1508 proponit
772 1433 1007 1508 exquisitissima,
1019 1445 1048 1493 et
1061 1437 1099 1493 ad
1110 1438 1176 1494 vul-

109 1559 159 1598 nus
182 1537 298 1595 Caluini
316 1537 475 1594 sanandum
493 1535 693 1595 efficacissima.
715 1537 821 1594 Eadem
836 1539 980 1614 aptissima
998 1559 1115 1618 qnoque
1133 1554 1176 1600 est

108 1644 222 1722 ingenio
246 1643 371 1700 satirico.
393 1645 496 1718 Neque
519 1642 596 1699 euim
616 1653 701 1718 poeta
723 1642 816 1699 eidem
838 1643 969 1722 indulget
987 1646 1099 1719 dolori,
1123 1667 1177 1706 nec

109 1748 187 1804 molli
198 1746 305 1804 attactu
320 1747 447 1803 insinuat
461 1764 491 1803 se
504 1745 535 1802 in
550 1745 662 1803 tristem
676 1746 760 1802 amici
775 1745 919 1818 animum,
935 1749 986 1806 sed
1001 1750 1106 1808 acriter
1120 1752 1177 1808 ob-

107 1854 199 1930 jurgat
215 1871 298 1924 eum,
321 1852 419 1927 quod,
438 1871 527 1926 qnnm
545 1851 742 1928 viridemque
758 1852 837 1910 dives
855 1872 888 1910 ac
902 1853 961 1928 jam
977 1855 1128 1928 secessit,
1147 1865 1178 1912 et

110 1957 225 2034 perditis
236 1958 317 2014 rivat
335 1956 530 2032 temporibus,
549 1975 609 2012 non
625 1955 751 2014 viriliter
765 1960 857 2015 levem
872 1959 946 2016 ferat
955 1959 1112 2034 jacturam,
1126 1959 1179 2018 sed

110 2064 287 2121 muliebriter
302 2062 484 2140 ingemiscat,
510 2064 558 2120 vel
580 2063 715 2121 uindictae
733 2061 832 2118 ardeat
853 2063 1026 2137 cupiditate.
1051 2077 1106 2140 qua
1131 2083 1177 2122 res

109 2170 208 2226 amimae
234 2187 297 2226 non
321 2179 509 2242 reparentur,
534 2185 628 2240 neque
654 2175 769 2238 reputet
793 2167 966 2242 videatque,
993 2168 1055 2225 aliis
1080 2171 1173 2226 multo

109 2275 267 2346 acerbiora,
284 2291 371 2348 quam
385 2272 457 2346 ipsi,
476 2271 620 2328 accidisse.
636 2270 708 2327 lnde
721 2271 899 2327 occasionem
915 2274 1003 2345 petit,
1021 2286 1177 2355 curruptos

109 2381 191 2438 seculi
208 2380 254 2436 sui
267 2397 379 2452 mores,
393 2376 521 2452 apriscis
536 2375 619 2432 valde
630 2375 774 2445 diversos,
787 2375 969 2451 ineptumque
984 2377 1175 2454 theologiam,

110 2493 246 2557 tauquam
262 2480 435 2556 praecipuam
450 2475 644 2552 improbitatis
657 2495 801 2549 caussam,
816 2477 944 2536 notandi.
962 2511 1000 2523 -
1013 2482 1115 2556 Neque
1130 2493 1176 2540 ta-

108 2607 171 2644 men
185 2585 349 2655 disimulo,
364 2604 427 2660 quar
444 2602 546 2640 severo
557 2581 649 2658 judici
662 2582 697 2637 'in
711 2583 763 2638 hac
777 2581 860 2640 satira
879 2583 1031 2658 displicere
1048 2587 1176 2662 possint,

109 2703 134 2749 et
147 2691 221 2749 naeri
236 2683 294 2748 sint
306 2689 424 2766 corpori
435 2690 552 2766 egregio
567 2687 698 2762 inspersi.
713 2687 840 2744 Primum
853 2689 929 2746 enim
944 2689 1176 2765 gravissimarum

109 2799 147 2856 ris
166 2797 378 2858 sententiarum
397 2796 502 2874 passim
521 2795 580 2875 (νε.
602 2797 638 2852 23
660 2816 720 2872 seq.
743 2804 780 2865 lo
799 2815 857 2874 seq.
877 2797 916 2854 δε
936 2817 995 2874 seq.
1019 2799 1075 2856 162
1095 2798 1174 2880 seq.)

111 2905 297 2962 ostentatione
318 2903 405 2974 artis,
426 2913 455 2960 et
477 2902 678 2978 intempestiva
697 2902 830 2959 doctrina
852 2921 884 2960 ac
907 2903 1011 2980 frigida
1037 2905 1176 2964 declama·

112 3009 179 3067 tione
191 2989 376 3086 infringitur.
393 3007 507 3066 Deinde
519 3009 633 3085 ingrata
645 3019 687 3064 est
701 3008 867 3065 earumdem
878 3009 938 3066 fere
952 3027 1049 3066 rerum
1061 3024 1176 3070 senten·-

109 3114 265 3189 tiarnmquc
282 3112 417 3188 repetitio
429 3131 471 3168 νε.
492 3133 528 3188 19
539 3131 598 3188 seq.
618 3123 648 3169 et
666 3131 721 3169 rao
734 3130 794 3189 seq.
807 3132 849 3170 νε.
867 3114 902 3171 23
918 3133 977 3190 seq.
993 3127 1021 3172 et
1043 3117 1097 3173 126
1113 3137 1173 3194 seq.

111 3221 241 3277 Pnteren
256 3219 333 3276 ordo
351 3237 448 3276 rerum
466 3217 652 3274 dicendarum
666 3237 874 3294 nonnunquam
891 3222 1094 3296 perturbatur,
1106 3243 1131 3281 e.
1144 3244 1174 3302 g.

111 3341 149 3379 νε.
173 3344 225 3400 199
246 3342 308 3398 seq.
329 3321 382 3379 ubi
400 3322 520 3378 historia
539 3321 640 3378 Glauci
661 3341 762 3396 parum
782 3325 934 3382 commode
954 3327 1073 3404 imagini
1093 3329 1175 3386 mala

110 3430 282 3488 conscientia
299 3426 352 3507 (rs.
378 3426 545 3507 192-235)
565 3427 715 3498 inseritur3
734 3447 775 3484 νε.
797 3427 950 3506 75-119,
971 3432 1024 3488 ubi
1045 3431 1175 3508 descrip-

110 3533 177 3590 tioni
193 3533 367 3608 corruptelae
383 3550 498 3589 morum
517 3532 714 3606 scelerumque
731 3533 831 3589 Roma
850 3533 1007 3608 rigentium
1027 3533 1080 3613 (rs.
1098 3534 1174 3592 16-

113 3636 298 3716 173)enrum
318 3637 403 3714 origo
424 3649 453 3695 et
475 3657 577 3695 caussa
597 3639 793 3710 inculcantur,
816 3660 879 3714 quae
897 3640 924 3696 ei
940 3641 1037 3716 potius
1056 3643 1174 3717 subjun-

109 3744 205 3820 gendae
226 3756 327 3816 erant;
347 3762 389 3800 νε.
412 3746 586 3818 rao-173,
607 3747 712 3823 quibus
730 3755 815 3821 poeta
834 3764 895 3802 non
913 3764 989 3802 nova
1011 3767 1074 3822 qua
1100 3767 1171 3824 pro-

110 3849 194 3906 mittit
218 3851 318 3907 solatia
344 3850 447 3921 allent,
475 3851 525 3908 sed
546 3853 631 3909 telam
651 3852 749 3929 potins
771 3871 812 3908 νε.
831 3851 957 3924 ε3-74
986 3864 1109 3925 textam,
1143 3869 1173 3914 et

9 3949 10 3952 ’
109 3971 148 4010 νε.
177 3955 315 4033 75-119
342 3957 494 4033 abruptam
516 3960 628 4016 retexit.
659 3959 791 4034 Denique
813 3956 963 4032 dispositio
987 3960 1119 4016 carminis
1145 3972 1175 4018 et

107 4063 266 4121 oeconomia
289 4083 392 4140 parum
418 4064 570 4140 probanda
594 4064 712 4121 ridetur
734 4085 741 4120 ε
767 4082 833 4119 nam
858 4061 942 4120 initio
969 4061 1030 4142 (νε.
1058 4063 1173 4143 1-12)

113 4175 203 4224 totum
217 4167 278 4241 ejus
294 4179 496 4246 argumentum
511 4169 665 4246 omniaque
684 4168 783 4228 solatia
804 4167 835 4225 in
858 4167 1004 4245 epitomen
1021 4170 1102 4244 quasi
1126 4187 1173 4227 re-
