3074 4990
313 422 335 495 4
588 423 630 486 D.
656 422 793 486 JUNII
819 421 1117 487 JUVENALIS·

312 537 357 604 Et
376 535 498 604 salibus
514 537 805 606 vehemens-intra
821 539 984 632 pomoeria
999 539 1095 606 natis

310 645 435 714 Omnia
448 671 540 716 nunc
554 661 693 714 eontra:
710 646 823 715 vultus
837 649 963 740 gravis3
980 647 1118 716 horrida
1132 647 1226 714 siecae

309 755 399 825 Silva
416 781 536 842 comae3
554 753 665 824 nullus
683 769 753 824 tota
769 757 860 825 nitor
876 757 1023 840 incute,
1044 753 1176 852 qualem

309 867 440 936 Bruttia
458 867 636 961 praestabat
652 864 749 934 calidi
767 867 826 936 tibi
844 866 946 936 fascia
961 869 1061 954 visci;

308 978 375 1048 Sed
389 979 570 1047 fruticante
584 976 652 1072 pilo
668 976 820 1071 neglecta
833 993 868 1047 et
883 977 1034 1073 squalida
1049 1003 1158 1047 crura.
1346 993 1375 1045 ιε

308 1089 400 1179 Quid
416 1091 539 1158 macies
556 1089 637 1182 aegri
653 1087 794 1174 veteris,
814 1113 915 1183 quem
940 1105 1092 1184 tempore
1108 1089 1210 1183 longo

307 1203 430 1268 Torret
445 1215 564 1294 quarta
580 1197 666 1284 dies,
685 1197 833 1293 olimque
847 1197 1030 1268 domestica
1048 1198 1172 1267 febris?

307 1310 505 1406 Deprendas
519 1309 623 1378 animi
640 1323 809 1376 tormenta
825 1308 960 1378 latentis
979 1310 1013 1376 in
1030 1334 1120 1403 aegro

307 1425 475 1515 Corpore,
494 1416 685 1513 deprendas
702 1433 736 1486 et
753 1417 896 1511 gaudia:
914 1418 1017 1486 sumit
1035 1433 1217 1511 utrumque

307 1529 392 1598 Inde
411 1529 562 1598 habitum
580 1526 703 1596 facies:
724 1526 828 1619 igitur
844 1525 974 1594 flexisse
993 1523 1116 1593 videris
1344 1559 1377 1592 πο

305 1638 536 1733 Propositum,
554 1650 588 1703 et
603 1636 679 1706 vitre
696 1635 885 1704 contrarius
902 1635 951 1703 ire
967 1634 1083 1728 priori.

306 1750 428 1841 Nuper
443 1747 554 1829 enim,
569 1761 607 1813 ut
622 1761 758 1840 repeto,
776 1743 892 1812 fanum
910 1743 1029 1827 Isidis,
1046 1757 1082 1810 et
1099 1739 1340 1836 Ganymeden,

305 1856 416 1941 Pacis,
432 1870 468 1923 et
482 1855 632 1924 advectae
649 1869 774 1924 secreta
791 1852 914 1948 palatia
929 1853 1069 1936 Matris,

298 1969 350 2035 'Et
365 1967 541 2049 Cererem,
557 1967 653 2057 (nam
674 1989 742 2058 quo
759 1988 828 2031 non
846 1977 970 2056 prosta'.
991 1961 1117 2028 femina
1134 1957 1302 2056 templol)

305 2073 430 2144 Notior
446 2071 582 2142 Aulidio
599 2072 752 2142 moeclrus
767 2071 940 2142 celebrare
955 2069 1101 2155 solebas,
1345 2081 1376 2134 ι5

306 2181 476 2277 Quodque
493 2197 598 2266 taces,
616 2181 705 2273 ipsos
720 2181 821 2250 etiam
838 2181 1002 2250 inclinare
1019 2181 1165 2248 maritos

740 2325 944 2374 unrocus

355 2423 448 2491 Utile
463 2439 497 2492 et
513 2424 579 2492 hoe
594 2422 709 2492 multis
725 2424 802 2493 vitae
818 2449 940 2517 genus3
957 2437 991 2492 at
1010 2425 1094 2492 mihi
1112 2423 1241 2492 nullum
1296 2519 1300 2528 .

306 2585 427 2640 honesta
442 2585 605 2640 urbanitate
620 2585 730 2658 plenis,
754 2585 885 2658 quamvis
905 2587 1037 2656 acribus,
1053 2583 1215 2642 condiebas.
1237 2590 1277 2641 At
1293 2585 1382 2644 hodic

307 2678 404 2734 omnia
413 2675 444 2731 in
456 2677 631 2732 contrariam
646 2687 756 2750 partem
766 2696 848 2733 versa
860 2700 867 2733 :
880 2678 965 2734 facies
978 2677 1095 2747 tetrica3
1107 2677 1195 2732 aridae
1209 2696 1298 2734 coma
1311 2677 1384 2735 silva

306 2771 422 2838 horret,
433 2785 528 2842 neque
537 2786 631 2842 pexae,
646 2785 740 2841 neque
750 2771 903 2844 unguentis
915 2769 1065 2837 delibuta,
1082 2769 1178 2823 nullus
1188 2768 1268 2823 nitor
1278 2768 1308 2824 in
1320 2779 1382 2825 tota

307 2872 381 2927 cute,
393 2861 506 2935 qualem
516 2859 571 2914 tibi
583 2859 752 2915 conferebat
760 2861 843 2916 fascia
856 2861 986 2917 fervente
996 2860 1066 2934 picis
1075 2859 1195 2915 Bruttias
1205 2859 1283 2916 risco
1294 2859 1382 2930 inita,

306 2953 357 3009 sed
370 2971 454 3009 crura
467 2951 612 3027 neglecta,
630 2949 752 3026 pilisque
773 2952 991 3009 silvest-entibus
1004 2953 1114 3010 hirsuta
1131 2964 1160 3008 et
1173 2971 1279 3027 aspera.
1295 2953 1383 3011 Unde

307 3055 355 3099 tua
371 3043 423 3099 ista
439 3043 556 3113 saucies,
579 3042 670 3115 qualis
689 3054 814 3116 aegroto,
838 3063 924 3118 quem
942 3044 1113 3117 jamdudum
1134 3044 1276 3100 consumit
1294 3044 1384 3102 febris

307 3135 402 3206 arida,
411 3133 502 3210 ipsius
511 3134 590 3188 venis
600 3133 755 3205 inhaerens,
765 3147 794 3191 et
806 3147 907 3210 quarta
919 3135 1087 3210 quaquedie
1097 3155 1248 3210 resurgens
1257 3137 1383 3194 aeriter?

306 3229 475 3300 incorpore
490 3225 629 3300 languido
645 3227 752 3282 occulti
770 3228 911 3282 eruciatus
924 3228 1012 3282 animi
1025 3246 1054 3284 se
1067 3227 1214 3301 produnt,
1227 3237 1261 3282 ut
1278 3227 1383 3302 gaudia

306 3321 338 3377 in
349 3329 453 3396 vegeto
469 3329 624 3393 apparent:
637 3338 671 3374 ex
687 3319 776 3374 animi
790 3319 1180 3387 habitudinemo,d1versus
1196 3330 1236 3374 est
1254 3319 1284 3374 in
1298 3321 1383 3378 vultu

304 3412 438 3470 moeroris
454 3421 504 3466 aut
521 3411 626 3468 letitia
644 3411 742 3479 color;
757 3410 853 3484 itaque
873 3411 991 3467 vivendi
1009 3411 1173 3466 institutum
1194 3421 1334 3482 mutasse,
1352 3425 1382 3470 et

306 3507 387 3563 aliud
404 3506 463 3561 iter
483 3505 576 3579 priori
591 3503 755 3577 oppositum
772 3503 867 3558 iniisse
883 3503 956 3558 mihi
972 3503 1097 3560 videris:
1110 3521 1235 3578 namque
1249 3504 1327 3560 haud
1342 3504 1382 3560 itu

305 3601 438 3676 pridem,
452 3607 485 3652 ut
502 3595 633 3665 memini,
651 3607 682 3650 tu
698 3594 836 3650 famosior
847 3594 962 3650 adulter
979 3594 1095 3651 Aufidio
1113 3595 1176 3670 ipso
1193 3615 1382 3653 consueveras

307 3695 493 3764 irequentare
507 3687 646 3760 templum
664 3685 761 3756 lsidis;
785 3698 813 3741 et
833 3685 929 3754 loris,
950 3685 981 3741 in
1004 3707 1063 3761 quo
1084 3687 1259 3763 Ganymedis
1271 3697 1380 3756 statuo3

306 3788 406 3843 funum
424 3779 519 3850 Paeis;
534 3791 657 3835 secretas
678 3780 752 3835 aedes
771 3781 872 3836 Matris
895 3783 1022 3835 Deorum
1042 3779 1163 3854 Cybeles
1185 3799 1218 3833 ex
1240 3781 1379 3852 Pergamo

299 3879 429 3935 tionum
445 3872 587 3940 adrectae,
603 3882 632 3926 et
645 3871 734 3944 ipsius
749 3872 862 3928 Cereris
883 3873 1052 3940 delubrum,
1072 3891 1136 3926 nam
1155 3887 1213 3945 quo
1225 3870 1255 3924 in
1271 3873 1379 3946 templo

306 3969 441 4026 mulieres
456 3984 486 4020 se
506 3983 566 4020 non
581 3962 778 4036 prostituunt?
792 3974 819 4022 et
837 3964 917 4040 quod
932 3965 1016 4020 fateri
1031 3963 1152 4038 refugis,
1168 3963 1280 4018 solebas
1294 3963 1381 4019 etiarn

302 4061 383 4136 ipsos
397 4057 516 4114 maritos
527 4056 562 4112 ad
577 4066 708 4128 stuprum
725 4056 887 4113 incurvare.
1211 4132 1213 4136 y

347 4171 394 4226 ²7·
412 4169 486 4208 κεν.
501 4148 578 4206 lllud
590 4147 707 4222 quidem
719 4148 838 4206 vivendi
848 4149 1011 4206 institutum
1021 4145 1119 4204 multis
1129 4145 1309 4204 fructuosum
1320 4156 1363 4203 est
1370 4167 1381 4218 5
