3074 4990
329 392 372 469 64
606 396 647 458 D.
674 395 812 460 JUNH
840 397 1125 464 JUVENALIS

328 510 373 576 Et
387 507 508 602 quibus
521 523 635 576 aurata
650 533 722 576 mos
737 527 787 578 est
800 510 927 606 fulgere
942 511 1094 583 lacerna?

325 615 418 706 Quid
434 615 553 703 refert,
568 617 680 711 magni
696 618 808 688 sedeat
824 644 889 715 qua
905 636 999 716 parte
1015 623 1151 708 theatri,

327 728 397 816 Qui
410 729 464 796 vix
479 728 667 796 cornicines
687 729 858 818 exaudiet,
877 747 978 826 atque
995 733 1152 800 tubarum

326 836 697 910 Concentusiclamore
710 863 796 934 opus
808 856 873 928 est,
888 857 927 910 ut
938 841 1058 911 sentiat
1071 843 1160 912 auris
1345 857 1396 910 ,ιε

326 953 437 1041 Quem
454 952 542 1022 dicat
559 951 690 1018 venisse
706 975 802 1045 puer,
817 967 902 1046 quot
915 954 1050 1022 nuntiet
1064 956 1174 1023 horas.

326 1065 491 1131 Praeterea
505 1061 664 1129 minimus
678 1059 788 1155 gelido
800 1061 871 1154 jam
884 1087 1027 1157 corpore
1042 1065 1177 1159 sanguis

326 1173 429 1246 Febre
443 1170 529 1241 calet
543 1166 629 1256 sola3
647 1169 846 1240 circumsilit
858 1172 993 1264 agmine
1009 1172 1098 1242 sacto

326 1281 527 1349 Morborum
546 1302 647 1346 omne
667 1303 796 1374 genus:
815 1304 961 1374 quorum
980 1283 1008 1350 si
1026 1283 1165 1352 nomina
1182 1305 1326 1376 quaeras,

326 1390 517 1484 Promptius
533 1388 719 1482 expediam,
739 1402 822 1481 quot
838 1392 1001 1460 amaverit
1015 1393 1142 1486 Hippia
1157 1393 1321 1478 moechos,
1342 1427 1395 1461 no

324 1501 418 1588 Quot
429 1497 612 1567 Themison
627 1522 734 1593 aegros
747 1513 931 1568 auctumno
951 1501 1113 1570 occiderit
1125 1527 1212 1588 uno,

323 1610 418 1698 Quot
431 1605 560 1677 Basilus
576 1609 701 1692 socios,
721 1623 805 1701 quot
822 1609 1123 1703 circumscripserit
1136 1611 1258 1680 Hirrus

325 1718 491 1814 Pupillos,
509 1732 593 1811 quot
610 1715 711 1812 longa
727 1718 818 1786 viros
836 1718 1011 1787 exsorbent
1028 1744 1098 1788 uno

326 1829 446 1896 Maura
463 1827 535 1913 die,
552 1840 636 1921 quot
652 1824 833 1920 discipulos
849 1828 991 1897 inclinet
1005 1826 1183 1918 Hamillus3
1202 1818 1204 1828 ¹

325 1939 524 2006 Percurram
539 1935 653 2021 citius,
672 1949 755 2029 quot
774 1934 868 2006 villas
884 1939 1052 2032 possideat
1069 1963 1176 2026 nunc,
1343 1953 1396 2004 ηις

324 2047 403 2134 Quo
416 2045 575 2114 tondente
591 2045 700 2138 gravis
711 2045 831 2138 juveni
845 2047 929 2116 mihi
944 2048 1048 2116 barba
1061 2049 1209 2116 sonabat.

325 2154 385 2226 llle
399 2157 558 2242 humero,
573 2154 629 2222 hic
644 2152 782 2241 lumbiS,
797 2156 853 2224 hic
867 2181 950 2225 coxa
963 2155 1094 2240 debilis,
1110 2157 1225 2225 ambos

325 2267 472 2336 Perdidit
488 2263 542 2332 ille
559 2261 675 2332 oculos
689 2279 723 2332 et
739 2262 839 2334 luscis
854 2265 982 2333 invidet
999 2291 1007 2331 :
1024 2265 1127 2357 hujus

236 2427 237 2430 ,
324 2374 451 2446 Pallida
467 2373 558 2442 labra
572 2372 685 2442 cibum
697 2373 869 2466 accipiunt
883 2373 996 2467 digitis
1012 2372 1137 2442 alienis.

324 2489 403 2582 lpse
418 2485 460 2554 ad
475 2497 694 2577 conspectum
709 2507 813 2550 coenae
826 2480 987 2551 diducere
1001 2482 1123 2551 rictum
1343 2501 1398 2556 230

326 2655 377 2733 qni
390 2656 495 2713 auratis
508 2654 630 2710 lacernis
641 2651 792 2730 magnifice
803 2652 901 2709 vestiti
917 2653 1037 2728 prodire
1049 2654 1161 2711 solenti
1172 2654 1244 2730 qnid
1257 2655 1402 2725 interest,

325 2769 382 2826 qm
395 2749 426 2805 in
437 2756 520 2822 parte
533 2746 630 2821 magni
639 2745 744 2800 theatri
754 2743 851 2800 sedeat
864 2744 929 2816 ille,
941 2746 992 2820 qui
1001 2745 1052 2802 vix
1061 2747 1211 2823 percipere
1221 2757 1398 2822 queatacres

325 2859 467 2899 cornuum
480 2855 566 2896 sonos
580 2848 610 2894 et
621 2837 809 2893 buccinarum
822 2837 1005 2914 clangorem?
1018 2840 1182 2898 Clamorem
1191 2840 1323 2896 attollere
1335 2859 1399 2898 ser·

323 2955 377 2993 vus
386 2935 486 3004 debet,
500 2951 566 2990 eum
575 2930 745 3000 admonens,
759 2931 824 3004 quis
837 2929 931 3006 ipsum
944 2933 1096 2990 conveniat
1110 2933 1206 3006 domi,
1221 2945 1310 3008 quota
1321 2933 1399 2992 born

322 3029 419 3100 sit,nt
430 3045 512 3083 aures
523 3025 599 3080 illius
614 3024 747 3080 sentiant.
765 3027 907 3080 Praeterea
924 3024 984 3097 jam
999 3025 1135 3082 minimus
1150 3036 1262 3101 stagnat
1279 3027 1397 3102 sanguis

204 3159 212 3175 .
323 3117 468 3196 ingelida
485 3117 673 3191 corpusculo,
691 3116 773 3192 isque
790 3115 926 3192 frigidus,
947 3115 1002 3172 nisi
1022 3117 1103 3173 febre
1120 3115 1311 3174 accendatur:
1330 3129 1398 3173 tur-

322 3211 422 3270 matim
433 3221 463 3267 et
471 3206 601 3283 undique
614 3207 720 3278 insilit,
736 3207 821 3283 eique
835 3208 979 3266 incumbit
992 3209 1163 3266 morborum
1175 3208 1269 3266 omnis
1281 3211 1398 3286 generis

321 3309 427 3364 cohors
436 3319 599 3372 numerosa,
611 3321 684 3376 quos
695 3301 845 3358 nominare
857 3302 881 3358 si
892 3301 989 3371 velim,
1001 3301 1084 3358 citius
1096 3303 1220 3360 dixerim
1231 3313 1304 3378 quot
1312 3302 1398 3360 adul-

324 3411 402 3457 teros
421 3393 560 3453 amaverit
579 3393 698 3468 Hippian
716 3405 789 3468 quot
804 3393 906 3470 aegroti
927 3393 1074 3450 amedico
1093 3393 1265 3454 Themisone
1285 3393 1399 3452 fuerint

322 3509 382 3548 uno
395 3500 536 3546 autumno
553 3485 710 3556 interiecti,
722 3496 796 3560 quot
814 3484 908 3542 socios
923 3484 1045 3554 Basilus,
1060 3495 1133 3559 quot
1145 3485 1271 3560 pupillos
1289 3485 1397 3543 Hirrus

321 3602 375 3658 per
385 3581 471 3638 malas
485 3589 559 3635 artes
578 3577 760 3653 spoliaverit3
775 3588 848 3652 quot
865 3577 945 3634 viros
964 3577 995 3632 in
1012 3597 1073 3634 uno
1090 3577 1138 3634 die
1153 3579 1256 3634 Maura
1268 3595 1396 3652 procero

321 3691 445 3748 corpore
458 3671 626 3742 exsorbeat3
639 3681 711 3745 quot
724 3669 881 3746 discipulos
895 3669 1050 3741 Hamillus,
1061 3671 1155 3726 multo
1168 3669 1343 3744 corruptior,
1352 3671 1396 3726 ed

320 3779 451 3842 stuprum
462 3764 594 3819 incurvet
606 3784 613 3819 :
625 3761 789 3839 promptius
799 3780 983 3832 enarravero,
992 3771 1065 3836 quot
1077 3761 1159 3819 villas
1171 3781 1248 3820 nunc
1258 3761 1394 3837 proprias

319 3856 464 3934 possideat
475 3854 524 3911 ille
537 3865 648 3923 tonsor,
661 3873 720 3929 quo
738 3859 884 3911 resecante
894 3853 985 3911 barba
999 3854 1071 3910 mihi
1079 3853 1179 3928 juveni
1190 3855 1309 3911 molesta
1320 3854 1394 3910 olim

320 3948 481 4010 resonabat.
493 3945 575 4002 Alius
584 3964 670 4002 senex
685 3947 812 4003 humeris
823 3946 949 4016 laborat,
967 3947 1039 4004 alins
1050 3947 1170 4016 lumbis,
1182 3947 1254 4004 alius
1265 3947 1392 4003 femore:

319 4043 366 4099 hic
378 4040 463 4098 oculo
474 4049 600 4114 utroque
615 4048 714 4111 captus
730 4050 787 4110 est,
803 4048 833 4094 et
844 4038 1007 4097 fortunatos
1020 4041 1115 4095 luscos
1126 4048 1225 4114 putat:
1239 4039 1288 4095 ille
1298 4038 1393 4106 aliena

319 4153 375 4211 ope
389 4132 517 4208 indiget,
535 4141 568 4187 ut
586 4129 759 4206 pallentibus
776 4130 859 4186 labiis
881 4130 978 4187 cibum
1001 4141 1109 4200 sumat;
1131 4118 1280 4206 quumque
1300 4147 1392 4206 appo·
