2992 4984
366 469 430 556 376
657 469 696 534 D.
717 469 846 534 JUNll
868 465 1130 534 IUVENALIS

363 585 432 651 Aut
448 581 582 676 gravius
601 579 710 652 cultro
732 581 828 650 timet
844 581 953 650 hostia
967 605 975 650 r
997 582 1056 674 qui
1071 579 1174 650 modo
1188 601 1277 660 casus

362 688 503 786 Impulit
513 688 597 760 hos?
610 715 684 785 qure
697 704 789 760 tanta
804 690 908 760 sames
922 689 1106 785 infestaque
1121 689 1208 761 vallo
1357 724 1395 758 ιω

362 803 465 868 Anna
483 814 682 892 coegerunt,
699 815 768 869 tam
781 798 975 870 detestabile
990 816 1179 870 monstrum

361 905 517 977 Audere?
533 933 622 978 anne
638 907 755 994 aliam,
774 925 861 978 terra
874 910 1099 1006 Memphitide
1115 911 1219 996 sicca,

362 1017 531 1086 Invidiam
548 1013 694 1088 lacerant
709 1018 840 1089 nolenti
854 1043 992 1115 surgere
1008 1019 1113 1092 Nilo?

362 1127 439 1216 Qua
456 1151 521 1196 nec
539 1126 702 1212 terribiles
719 1129 865 1214 Cimbri,
881 1153 946 1199 nec
963 1128 1116 1199 Britones
1130 1151 1302 1222 umquam,
1474 1221 1475 1224 Ἴ

362 1240 611 1308 Sauromataeve
626 1253 757 1325 truces,
773 1253 832 1308 aut
845 1240 1006 1308 immanes
1019 1237 1218 1333 Agathyrsi,
1361 1251 1397 1304 nt

364 1352 437 1418 Hac
450 1349 543 1418 saevit
556 1350 649 1419 rabie
663 1348 798 1419 imbelle
816 1364 852 1419 ct
867 1347 988 1418 inutile
1004 1347 1144 1443 vulgus,

363 1455 508 1526 Parvula
521 1456 679 1528 fictilibus
692 1456 827 1528 solitum
840 1456 920 1528 dare
933 1455 1005 1528 vela
1016 1456 1181 1552 phaselis,

362 1571 408 1637 Et
419 1567 577 1638 brevibus
591 1569 689 1661 pictae
702 1568 801 1638 remis
814 1568 1008 1636 incumbere
1023 1581 1126 1636 testas.

412 1679 485 1749 Nec
500 1701 634 1772 poenarn
650 1677 766 1750 sceleri
786 1677 948 1764 invenies,
967 1701 1030 1746 nec
1044 1675 1149 1770 digua
1163 1672 1290 1770 parabis

364 1786 536 1882 Supplicia
554 1788 607 1858 his
623 1785 775 1883 populis,
796 1788 990 1880 inquorum
1008 1800 1118 1856 mente
1135 1809 1229 1880 paras
1242 1793 1313 1852 sunt
1364 1795 1401 1847 no

363 1901 410 1965 Et
421 1893 543 1965 similes
557 1897 606 1964 ira
621 1911 722 1992 atque
734 1896 851 1966 fames.
866 1894 1063 1966 Mollissima
1074 1893 1181 1965 corda

364 2009 523 2077 Humano
542 2006 658 2100 generi
676 2005 757 2076 dare
774 2030 809 2082 se
827 2007 958 2077 Natura
973 2004 1106 2091 fatetur,

366 2119 451 2209 Quae
463 2113 620 2184 lacrimas
633 2114 726 2184 dedit
740 2141 749 2184 :
764 2117 837 2184 haec
852 2115 958 2184 nostri
975 2137 1053 2208 pars
1068 2114 1201 2207 optima
1212 2133 1325 2180 seusus.

366 2224 502 2295 Plorare
516 2247 598 2318 ergo
612 2224 708 2319 jubet
723 2247 837 2294 casum
854 2221 996 2318 lugentis
1013 2222 1130 2309 amici,

365 2331 629 2427 squaloremque
644 2333 713 2420 rei,
729 2329 896 2427 pupillum
910 2329 952 2400 ad
961 2332 1038 2426 jura
1050 2344 1232 2428 uocantem
1367 2336 1403 2394 1³⁵
1476 2333 1477 2368 ³

365 2571 477 2646 aliquid
500 2569 727 2629 mcrilloulorum
743 2570 850 2628 cultris
874 2571 1028 2646 patiantur.
1058 2572 1099 2626 At
1123 2565 1267 2645 AEgyptiis
1288 2560 1351 2638 quid
1368 2557 1405 2614 111·
1475 2585 1476 2640 ,

365 2662 489 2724 fortunii
507 2664 624 2720 taudem
639 2663 710 2732 ruit,
723 2682 776 2721 cur
788 2673 847 2720 tam
857 2663 980 2720 immane
991 2661 1100 2733 facinus
1112 2660 1265 2718 admittere
1276 2648 1405 2713 auderent?
1475 2663 1476 2710 l

366 2758 414 2812 An
434 2753 572 2811 diuturna
590 2764 620 2812 et
634 2764 720 2812 atrox
739 2754 846 2812 fama?
866 2773 904 2812 an
919 2753 1061 2812 exercitus
1077 2751 1224 2821 bostium,
1245 2747 1316 2805 vallo
1331 2755 1355 2804 et
1368 2761 1405 2798 11·

366 2847 422 2904 m'u
445 2845 548 2902 urbem
568 2844 786 2904 obsidentium?
803 2845 836 2904 si
859 2845 942 2902 Nilus
963 2845 1056 2902 nollet
1074 2843 1224 2905 exundare
1247 2839 1277 2896 in
1294 2853 1367 2913 agros
1384 2841 1405 2888 et

367 2937 478 2994 effundi
496 2956 552 3013 pro
571 2955 669 3008 more,
689 2937 730 2993 ita
752 2946 786 2994 at
806 2938 880 2994 sicca
898 2949 928 2995 et
946 2936 1101 2995 infecunda
1120 2938 1263 3013 AEgyptut
1280 2931 1362 2996 lorti·
1378 2943 1406 2980 ²¹¹

366 3038 503 3104 poterant
518 3047 585 3092 eum
602 3029 737 3086 odiosum
754 3039 783 3086 et
799 3028 925 3090 invisum
942 3029 1032 3106 magis
1049 3026 1192 3098 reddere,
1210 3041 1293 3100 quarn
1308 3021 1331 3077 si
1344 3019 1407 3084 dict·

366 3130 448 3177 retur
466 3120 619 3195 AEgyptios
636 3139 695 3196 pre
712 3120 786 3178 lame
806 3121 932 3197 coegisse
946 3121 984 3200 ad
999 3122 1137 3176 humanas
1156 3133 1255 3175 carnes
1273 3106 1407 3171 vorandasl

366 3213 448 3269 itanc
457 3229 528 3268 vcro
537 3211 660 3269 imbellis
674 3223 703 3270 et
713 3211 823 3270 inutilis
832 3212 996 3287 plebecula,
1010 3230 1073 3286 quac
1082 3209 1220 3284 navigare
1230 3204 1336 3264 soleria
1344 3217 1407 3275 aym·

365 3303 411 3360 bis
425 3323 461 3360 cx
477 3303 578 3380 argilla
588 3304 740 3374 conlectis,
755 3323 860 3380 easque
871 3303 959 3377 variis
972 3303 1119 3360 coloribus
1131 3301 1222 3378 pictas
1231 3297 1332 3375 exiguis
1340 3291 1406 3354 1111111

366 3395 496 3472 velisque
508 3396 645 3474 dirigere,
658 3407 767 3454 tantam
774 3397 953 3473 exprompsit
961 3395 1081 3467 rabiem,
1093 3405 1200 3471 quanta
1209 3409 1300 3468 neque
1308 3381 1406 3450 (ἓί1111111,
1474 3449 1475 3482 ,

366 3507 462 3564 neque
478 3489 625 3561 Britones,
638 3507 734 3567 neque
743 3492 879 3548 Sarmata
891 3499 942 3545 aut
954 3486 1112 3565 Agathyrsi
1122 3487 1236 3557 savias,
1256 3491 1407 3540 omnum·
1474 3499 1475 3508 2

370 3580 523 3650 delissimi,
535 3580 691 3657 aliquando
704 3580 847 3656 comperti
861 3579 947 3637 sunt?
1400 3653 1406 3666 ι

412 3689 475 3746 rag.
496 3671 617 3728 Nullum
634 3670 768 3747 supplicii
783 3688 873 3745 genus
890 3667 1032 3737 inveniri,
1048 3687 1104 3725 nec
1123 3671 1315 3744 poem‘potest
1331 3673 1407 3736 parm

368 3762 456 3838 digna
471 3764 627 3821 sceleribus
638 3764 816 3840 populorum
829 3761 968 3829 istorum,
985 3759 1037 3835 qui
1052 3777 1106 3834 per
1118 3760 1192 3821 iram
1205 3779 1237 3820 ea
1249 3751 1408 3814 committunt

368 3871 432 3928 quae
442 3855 724 3927 persamemcaetcri:
734 3873 830 3912 mores
837 3853 1017 3928 benignoset
1027 3853 1303 3915 burnanosanatura
1311 3846 1407 3919 ingene·

369 3953 448 3999 ratos
462 3943 547 4002 baisse
559 3945 745 4016 mortalibus,
762 3947 809 4003 vcl
819 3945 888 4003 inde
899 3955 1025 4015 conant,
1038 3945 1121 4019 quod
1131 3963 1185 4002 nos
1197 3940 1333 4019 proclives
1341 3929 1406 3991 finxit

369 4035 407 4091 ad
415 4035 554 4094 lacrimas.
570 4039 637 4095 Eaec
645 4057 711 4113 pars
719 4040 853 4120 bumana
863 4037 980 4109 indolis,
990 4037 1050 4092 hac
1062 4036 1162 4092 aliena
1173 4029 1331 4093 calamitatis
1343 4041 1406 4082 111111·

369 4125 530 4200 miseratio,
546 4129 675 4185 omnium
688 4131 776 4186 animi
790 4131 975 4188 affectionum
984 4129 1093 4204 optima
1104 4141 1156 4186 est.
1172 4132 1263 4186 Docet
1275 4141 1324 4182 uos
1335 4115 1405 4195 ἰςί1111

370 4227 473 4274 natura
481 4216 684 4294 ingemiscere,
694 4239 784 4294 quoru
793 4221 898 4297 aliquis
906 4221 1014 4280 amicus
1023 4231 1182 4293 arcuatur,
1188 4230 1218 4278 et
1224 4231 1339 4276 muscam
1345 4203 1406 4284 1111111
