3074 4990
333 428 375 495 56
609 436 650 499 Ι).
676 433 814 500 JUNH
840 436 1123 503 JUVENALIS

333 548 458 614 Panem
471 562 505 616 et
518 547 699 618 Circenses.
713 591 762 602 —
771 552 945 621 Perituros
957 551 1058 621 audio
1071 551 1205 623 multos.

332 695 381 708 -
395 652 453 724 Nil
467 654 627 744 dubium,
640 682 762 752 magna
778 675 831 729 est
846 659 1021 730 fornacula
1038 688 1047 730 :
1065 661 1243 756 pallidulus
1256 659 1302 730 mi

333 763 505 833 Brutidius
520 789 614 834 meus
626 765 669 835 ad
682 767 802 836 Martis
815 767 881 837 fuit
892 769 1013 838 obvius
1025 795 1127 840 aram.
1202 849 1210 860 ,

333 874 444 963 Quam
462 875 580 963 timeo,
598 878 706 946 victus
725 903 768 946 ne
785 903 901 975 poenas
918 881 1031 974 exigat
1045 881 1147 974 Ajax‚

335 986 385 1084 Ut
402 983 488 1054 male
501 985 671 1056 defensus!
691 1012 865 1058 curramus
883 991 1090 1085 praecipites,
1107 1007 1155 1077 et,
1365 1001 1403 1056 85

333 1098 424 1166 Dum
433 1098 521 1190 jacet
536 1100 570 1166 in
583 1099 673 1193 ripa,
688 1098 852 1169 calcemus
864 1100 1004 1169 Caesaris
1016 1100 1158 1172 hostem.

333 1209 400 1278 Sed
415 1211 552 1280 videant
568 1211 671 1298 servi,
687 1237 730 1280 ne
745 1213 820 1307 quis
833 1228 946 1306 neget,
963 1225 998 1280 et
1010 1211 1169 1305 pavidum
1186 1210 1287 1302 injus

332 1321 476 1391 Cerviee
493 1322 654 1390 obstricta
668 1313 844 1391 dominum
857 1323 979 1392 trahat.
993 1363 1040 1376 —
1059 1325 1104 1392 Hi
1119 1347 1287 1392 sermones

332 1431 431 1500 Tunc
449 1428 492 1498 de
507 1430 649 1523 Sejanc,
668 1445 797 1500 secreta
813 1432 885 1502 haec
904 1456 1078 1502 murmura
1096 1432 1200 1528 vulgi.

381 1539 485 1608 Visne
502 1537 654 1627 salutari,
671 1540 758 1610 sicut
773 1540 937 1634 Sejanus?
950 1541 1074 1610 habere
1365 1571 1406 1620 90
1425 1623 1431 1628 g

334 1648 577 1734 Tantumdem‚
592 1663 691 1743 atque
704 1648 752 1718 illi
768 1675 915 1720 summas
930 1650 1058 1720 donare
1072 1649 1219 1738 curuies,

335 1757 436 1828 Illum
450 1759 647 1828 exercitibus
664 1759 881 1854 preponere?
896 1774 989 1829 tutor
1005 1761 1122 1828 haberi

333 1868 501 1963 Principis
513 1883 654 1962 anguste
668 1871 875 1963 Caprearum
889 1869 925 1937 in
939 1895 1025 1964 rupe
1040 1870 1184 1939 sedentis

333 1978 421 2047 Cum
436 2001 538 2072 grege
550 1976 732 2048 Chaldaeo?
745 1978 807 2047 vis
822 1992 913 2048 certe
926 1977 1009 2073 pila,
1024 1979 1194 2062 cobortes,

334 2086 494 2180 Egregios
508 2086 635 2179 equites
648 2101 682 2156 et
698 2101 806 2156 castra
818 2087 1012 2157 domestica.
1026 2087 1156 2175 Quidni
1370 2101 1408 2167 9⁵
1466 2117 1471 2126 ·

335 2198 417 2266 Haec
426 2194 560 2291 cupias?
569 2211 622 2283 et,
634 2196 693 2293 qui
705 2195 827 2266 nolunt
839 2196 992 2267 occidere
1006 2221 1226 2294 quemquam,

337 2429 415 2486 sibus
423 2427 637 2488 tuuis-Fama
646 2442 689 2489 est
697 2431 838 2507 plurimos
846 2433 1030 2492 interiectum
1039 2431 1090 2502 iri3
1099 2427 1412 2504 quidsensesi—Nul-

336 2524 395 2578 lum
405 2532 449 2578 est
460 2521 581 2578 dubium
592 2545 600 2579 :
613 2523 731 2580 exardet
744 2525 847 2600 ingens
859 2524 1024 2594 fornacula,
1040 2541 1097 2598 que
1110 2520 1194 2578 multi
1209 2520 1413 2576 absumentur.

336 2615 412 2671 Mibi
423 2615 513 2672 modo
525 2616 673 2672 Brutidius
682 2616 790 2674 amicus
800 2634 883 2672 meus
890 2616 1018 2672 occurrit
1026 2634 1120 2691 prope
1127 2613 1230 2670 Martis
1238 2613 1337 2669 tonum
1343 2613 1411 2688 pel-

336 2706 412 2764 lidus
426 2725 459 2762 uc
474 2716 555 2762 metu
568 2707 724 2780 perculsus
741 2709 837 2776 Quem
849 2725 963 2777 vereor,
978 2725 1014 2764 ne
1027 2707 1178 2774 Tiberius,
1192 2706 1283 2762 instnr
1296 2704 1413 2778 Ajacis,

336 2797 501 2873 promiscue
512 2796 654 2853 iu’omnes
665 2795 813 2868 deseviat,
826 2799 952 2874 segniter
961 2818 992 2855 se
1002 2819 1018 2855 a
1028 2799 1166 2856 Romanis
1177 2799 1326 2855 defensum
1336 2817 1416 2854 ccu-

337 2901 384 2948 trn
397 2889 494 2964 Sejani
507 2899 626 2945 conatus
646 2876 771 2946 nefarios
786 2888 934 2948 dictitans!
950 2893 1142 2966 Properemus
1155 2891 1224 2947 hinc
1241 2889 1358 2960 statim,
1380 2901 1414 2947 et

337 2983 450 3038 hostem
464 2979 589 3048 Tiberii,
607 2979 678 3036 dum
693 2980 787 3036 adbuc
801 2980 833 3036 in
848 2982 911 3056 ripa
923 2983 1037 3039 Tiberis
1053 2983 1211 3058 insepultus
1225 2983 1320 3057 juret,
1336 3001 1413 3057 pro—

338 3085 483 3130 teramus:
497 3071 549 3127 sed
564 3071 606 3126 itu
623 3081 732 3142 tumen,
754 3082 788 3127 ut
808 3073 902 3130 nostri
918 3091 972 3130 nos
990 3075 1067 3132 servi
1088 3075 1261 3148 adspiciunt,
1282 3094 1321 3132 ne
1345 3077 1414 3150 quis

338 3167 469 3240 ipsorum
480 3163 614 3236 Seianum
625 3163 737 3220 anobis
748 3165 886 3220 calcatum
900 3184 959 3222 esse
969 3176 1071 3242 neget,
1083 3185 1116 3222 uc
1132 3165 1283 3222 dominum
1294 3179 1414 3224 accuset

338 3257 418 3332 apud
432 3257 655 3330 imperatorem
669 3267 720 3314 eut
733 3256 923 3330 pavitantem,
939 3257 1045 3331 injecto
1059 3257 1165 3314 cervici
1178 3258 1296 3334 laqueo,
1311 3259 1349 3314 ed
1360 3259 1414 3332 ju-

338 3349 416 3406 dices
430 3348 473 3406 ire
485 3347 691 3422 compellet-
699 3351 739 3404 Ea
755 3359 823 3404 tum
835 3348 872 3405 de
884 3348 990 3422 sejano
1004 3349 1092 3420 elem,
1103 3350 1211 3423 palam
1228 3349 1413 3408 dicebantur.

379 3459 428 3517 9⁰·
448 3441 512 3497 Jum
524 3450 553 3495 te
565 3441 699 3509 consulo,
713 3444 859 3515 rogoque,
874 3460 945 3498 num
959 3451 993 3496 tu
1001 3439 1169 3498 honorificis
1179 3441 1235 3498 iilis
1243 3442 1416 3500 nominibus

341 3531 481 3610 appellari
493 3531 575 3600 velis,
594 3531 699 3605 quibus
716 3531 834 3605 Sejanus
847 3532 1042 3588 selumbutur?
1056 3543 1147 3588 tontes
1162 3551 1232 3607 opes
1246 3533 1416 3607 possidere,

342 3636 461 3702 quantas
470 3624 520 3679 ille
527 3622 669 3679 habebat?
682 3622 745 3679 aliis
756 3623 827 3680 dure
832 3622 879 3696 jus
890 3623 1016 3680 serendae
1025 3623 1133 3680 curulis
1143 3623 1240 3680 sellae?
1252 3624 1315 3680 aliis
1328 3643 1418 3684 exer-

343 3717 452 3778 cituum
470 3715 654 3790 profecturas
671 3713 793 3790 largiri?
815 3733 917 3790 gerere
932 3714 1013 3788 quusi
1031 3716 1148 3772 tutelam
1165 3715 1362 3790 imperatoris,
1383 3718 1417 3774 iu

343 3808 477 3884 Capreis,
490 3806 613 3864 obscura
627 3816 656 3862 et
671 3806 822 3880 scopulosa
835 3805 941 3877 insuia,
959 3807 1163 3878 delitescentis,
1182 3819 1269 3883 etque
1286 3813 1418 3870 astrolo-

342 3919 446 3980 gorum
458 3899 544 3955 turbs
554 3897 671 3972 stipati?
680 3898 822 3972 Equidem
832 3917 893 3956 non
902 3898 1016 3969 dubito,
1023 3901 1095 3974 quin
1105 3901 1244 3975 gauderes
1253 3902 1418 3962 admodum

342 3993 513 4070 prefectum
528 3988 659 4045 cohortis
668 3988 863 4063 pretorianae,
878 4001 908 4046 et
920 3990 1099 4048 delectorum
1111 3991 1256 4064 equitum,
1269 3996 1369 4067 quales
1382 3997 1417 4054 in

341 4084 460 4146 urbanis
468 4081 567 4139 castris
580 4082 617 4139 ad
626 4091 730 4139 nutum
740 4101 853 4159 semper
861 4083 1011 4157 expeditos
1020 4081 1145 4138 habebut
1154 4083 1275 4156 Sejanus
1286 4107 1293 4142 ε
1304 4098 1333 4144 et
1342 4106 1417 4146 vero

344 4179 415 4256 quid
427 4195 519 4236 causae
528 4186 615 4255 esset,
626 4195 678 4233 cnr
690 4195 753 4234 non
763 4177 840 4234 hunc
853 4175 996 4232 honorem
1008 4173 1149 4230 ambires?
1159 4175 1233 4244 Quis
1246 4195 1310 4238 nou
1319 4179 1420 4237 liben-
