<?xml version="1.0" encoding="UTF-8"?>
<!DOCTYPE html PUBLIC "-//W3C//DTD XHTML 1.0 Transitional//EN"
    "http://www.w3.org/TR/xhtml1/DTD/xhtml1-transitional.dtd">
<html xmlns="http://www.w3.org/1999/xhtml" xml:lang="en" lang="en">
 <head>
  <title>
</title>
<meta http-equiv="Content-Type" content="text/html;charset=utf-8" />
  <meta name='ocr-system' content='tesseract 3.04.00' />
  <meta name='ocr-capabilities' content='ocr_page ocr_carea ocr_par ocr_line ocrx_word'/>
</head>
<body>
  <div class='ocr_page' id='page_1' title='image "./sexdecimsatir02lemagoog_0326.png"; bbox 0 0 2992 4984; ppageno 0'>
   <div class='ocr_carea' id='block_1_1' title="bbox 335 418 1195 514">
    <p class='ocr_par' dir='ltr' id='par_1_1' title="bbox 335 418 1195 514">
     <span class='ocr_line' id='line_1_1' title="bbox 335 418 1195 514; baseline 0.013 -32"><span class='ocrx_word' id='word_1_1' title='bbox 335 418 729 506; x_wconf 73' lang='lat' dir='ltr'><strong>sarantasmum</strong></span> <span class='ocrx_word' id='word_1_2' title='bbox 752 425 964 506; x_wconf 79' lang='lat' dir='ltr'><strong>QUARTA.</strong></span> <span class='ocrx_word' id='word_1_3' title='bbox 1022 430 1025 437; x_wconf 92' lang='lat'>·</span> <span class='ocrx_word' id='word_1_4' title='bbox 1096 419 1195 514; x_wconf 69' lang='lat'>‘3¹7&#39;</span> 
     </span>
    </p>
   </div>
   <div class='ocr_carea' id='block_1_2' title="bbox 77 528 1189 2396">
    <p class='ocr_par' dir='ltr' id='par_1_2' title="bbox 77 528 1189 2396">
     <span class='ocr_line' id='line_1_2' title="bbox 105 528 975 634; baseline 0.014 -38"><span class='ocrx_word' id='word_1_5' title='bbox 105 531 144 597; x_wconf 95' lang='lat' dir='ltr'><strong>In</strong></span> <span class='ocrx_word' id='word_1_6' title='bbox 164 528 317 626; x_wconf 84' lang='lat' dir='ltr'><strong>pelago:</strong></span> <span class='ocrx_word' id='word_1_7' title='bbox 337 535 450 604; x_wconf 92' lang='lat' dir='ltr'><strong>veniet</strong></span> <span class='ocrx_word' id='word_1_8' title='bbox 468 534 592 624; x_wconf 87' lang='lat' dir='ltr'><strong>classis,</strong></span> <span class='ocrx_word' id='word_1_9' title='bbox 616 563 831 634; x_wconf 90' lang='lat' dir='ltr'><strong>quocumque</strong></span> <span class='ocrx_word' id='word_1_10' title='bbox 847 544 975 610; x_wconf 71' lang='lat' dir='ltr'><strong>vocarit</strong></span> 
     </span>
     <span class='ocr_line' id='line_1_3' title="bbox 104 638 996 744; baseline 0.012 -36"><span class='ocrx_word' id='word_1_11' title='bbox 104 643 187 733; x_wconf 86' lang='lat' dir='ltr'>Spes</span> <span class='ocrx_word' id='word_1_12' title='bbox 204 638 310 729; x_wconf 89' lang='lat' dir='ltr'><strong>lucri,</strong></span> <span class='ocrx_word' id='word_1_13' title='bbox 329 667 391 712; x_wconf 93' lang='lat' dir='ltr'><strong>nec</strong></span> <span class='ocrx_word' id='word_1_14' title='bbox 408 647 631 740; x_wconf 83' lang='lat' dir='ltr'><strong>Carpathium</strong></span> <span class='ocrx_word' id='word_1_15' title='bbox 649 647 849 744; x_wconf 76' lang='lat' dir='ltr'><strong>Gaetulaque</strong></span> <span class='ocrx_word' id='word_1_16' title='bbox 866 665 996 719; x_wconf 90' lang='lat' dir='ltr'><strong>tantum</strong></span> 
     </span>
     <span class='ocr_line' id='line_1_4' title="bbox 105 751 942 852; baseline 0.017 -36"><span class='ocrx_word' id='word_1_17' title='bbox 105 751 262 843; x_wconf 83' lang='lat' dir='ltr'><strong>AEquora</strong></span> <span class='ocrx_word' id='word_1_18' title='bbox 277 752 460 842; x_wconf 83' lang='lat' dir='ltr'><strong>transiliet3</strong></span> <span class='ocrx_word' id='word_1_19' title='bbox 478 757 553 842; x_wconf 91' lang='lat' dir='ltr'><strong>sed,</strong></span> <span class='ocrx_word' id='word_1_20' title='bbox 573 756 674 852; x_wconf 90' lang='lat' dir='ltr'><strong>longe</strong></span> <span class='ocrx_word' id='word_1_21' title='bbox 690 757 795 852; x_wconf 90' lang='lat' dir='ltr'><strong>Calpe</strong></span> <span class='ocrx_word' id='word_1_22' title='bbox 811 758 942 847; x_wconf 89' lang='lat' dir='ltr'><strong>relicta,</strong></span> 
     </span>
     <span class='ocr_line' id='line_1_5' title="bbox 104 859 1189 963; baseline 0.01 -36"><span class='ocrx_word' id='word_1_23' title='bbox 104 859 234 931; x_wconf 82' lang='lat' dir='ltr'><strong>Audiet</strong></span> <span class='ocrx_word' id='word_1_24' title='bbox 247 863 416 933; x_wconf 89' lang='lat' dir='ltr'><strong>Herculeo</strong></span> <span class='ocrx_word' id='word_1_25' title='bbox 431 867 625 936; x_wconf 89' lang='lat' dir='ltr'><strong>stridentem</strong></span> <span class='ocrx_word' id='word_1_26' title='bbox 639 869 773 963; x_wconf 81' lang='lat' dir='ltr'>gurgite</span> <span class='ocrx_word' id='word_1_27' title='bbox 787 869 902 938; x_wconf 89' lang='lat' dir='ltr'><strong>solem.</strong></span> <span class='ocrx_word' id='word_1_28' title='bbox 1138 888 1189 939; x_wconf 81' lang='lat'><strong>280</strong></span> 
     </span>
     <span class='ocr_line' id='line_1_6' title="bbox 104 970 1029 1070; baseline 0.011 -32"><span class='ocrx_word' id='word_1_29' title='bbox 104 970 247 1042; x_wconf 83' lang='lat' dir='ltr'><strong>Grande</strong></span> <span class='ocrx_word' id='word_1_30' title='bbox 266 998 378 1067; x_wconf 76' lang='lat' dir='ltr'><strong>operae</strong></span> <span class='ocrx_word' id='word_1_31' title='bbox 397 977 541 1070; x_wconf 92' lang='lat' dir='ltr'><strong>pretium</strong></span> <span class='ocrx_word' id='word_1_32' title='bbox 560 986 625 1064; x_wconf 90' lang='lat' dir='ltr'><strong>est,</strong></span> <span class='ocrx_word' id='word_1_33' title='bbox 645 994 684 1047; x_wconf 91' lang='lat' dir='ltr'><strong>ut</strong></span> <span class='ocrx_word' id='word_1_34' title='bbox 700 993 794 1048; x_wconf 87' lang='lat' dir='ltr'><strong>tenso</strong></span> <span class='ocrx_word' id='word_1_35' title='bbox 813 979 891 1048; x_wconf 89' lang='lat' dir='ltr'><strong>solle</strong></span> <span class='ocrx_word' id='word_1_36' title='bbox 906 983 1029 1050; x_wconf 88' lang='lat' dir='ltr'><strong>reverti</strong></span> 
     </span>
     <span class='ocr_line' id='line_1_7' title="bbox 104 1069 1003 1182; baseline 0.016 -36"><span class='ocrx_word' id='word_1_37' title='bbox 104 1080 187 1148; x_wconf 91' lang='lat' dir='ltr'><strong>Inde</strong></span> <span class='ocrx_word' id='word_1_38' title='bbox 200 1081 346 1152; x_wconf 91' lang='lat' dir='ltr'><strong>domum</strong></span> <span class='ocrx_word' id='word_1_39' title='bbox 361 1085 485 1178; x_wconf 89' lang='lat' dir='ltr'><strong>possis,</strong></span> <span class='ocrx_word' id='word_1_40' title='bbox 506 1069 701 1180; x_wconf 84' lang='lat' dir='ltr'><strong>iumidaque</strong></span> <span class='ocrx_word' id='word_1_41' title='bbox 718 1091 880 1182; x_wconf 90' lang='lat' dir='ltr'><strong>superbus</strong></span> <span class='ocrx_word' id='word_1_42' title='bbox 895 1089 1003 1176; x_wconf 90' lang='lat' dir='ltr'><strong>aluta,</strong></span> 
     </span>
     <span class='ocr_line' id='line_1_8' title="bbox 103 1193 940 1289; baseline 0.016 -32"><span class='ocrx_word' id='word_1_43' title='bbox 103 1193 233 1261; x_wconf 82' lang='lat' dir='ltr'>Oceani</span> <span class='ocrx_word' id='word_1_44' title='bbox 256 1210 424 1283; x_wconf 86' lang='lat' dir='ltr'><strong>monstra,</strong></span> <span class='ocrx_word' id='word_1_45' title='bbox 443 1211 477 1264; x_wconf 91' lang='lat' dir='ltr'><strong>et</strong></span> <span class='ocrx_word' id='word_1_46' title='bbox 487 1196 631 1289; x_wconf 84' lang='lat' dir='ltr'><strong>juvenes</strong></span> <span class='ocrx_word' id='word_1_47' title='bbox 644 1197 765 1266; x_wconf 88' lang='lat' dir='ltr'><strong>vidisse</strong></span> <span class='ocrx_word' id='word_1_48' title='bbox 780 1200 940 1270; x_wconf 89' lang='lat' dir='ltr'><strong>marinos.</strong></span> 
     </span>
     <span class='ocr_line' id='line_1_9' title="bbox 150 1302 959 1402; baseline 0.011 -31"><span class='ocrx_word' id='word_1_49' title='bbox 150 1302 237 1371; x_wconf 90' lang='lat' dir='ltr'><strong>Non</strong></span> <span class='ocrx_word' id='word_1_50' title='bbox 258 1328 347 1373; x_wconf 90' lang='lat' dir='ltr'><strong>unus</strong></span> <span class='ocrx_word' id='word_1_51' title='bbox 357 1321 491 1376; x_wconf 86' lang='lat' dir='ltr'><strong>¹mentes</strong></span> <span class='ocrx_word' id='word_1_52' title='bbox 508 1309 612 1402; x_wconf 90' lang='lat' dir='ltr'><strong>agitat</strong></span> <span class='ocrx_word' id='word_1_53' title='bbox 627 1308 746 1378; x_wconf 92' lang='lat' dir='ltr'><strong>furor:</strong></span> <span class='ocrx_word' id='word_1_54' title='bbox 765 1307 819 1378; x_wconf 91' lang='lat' dir='ltr'><strong>ille</strong></span> <span class='ocrx_word' id='word_1_55' title='bbox 833 1313 959 1380; x_wconf 90' lang='lat' dir='ltr'><strong>sororis</strong></span> 
     </span>
     <span class='ocr_line' id='line_1_10' title="bbox 77 1413 1186 1516; baseline 0.013 -40"><span class='ocrx_word' id='word_1_56' title='bbox 77 1469 80 1474; x_wconf 17' lang='grc' dir='ltr'><strong><em>Δ</em></strong></span> <span class='ocrx_word' id='word_1_57' title='bbox 103 1414 143 1479; x_wconf 92' lang='lat' dir='ltr'><strong>ln</strong></span> <span class='ocrx_word' id='word_1_58' title='bbox 161 1413 325 1485; x_wconf 87' lang='lat' dir='ltr'><strong>manibus</strong></span> <span class='ocrx_word' id='word_1_59' title='bbox 340 1415 435 1486; x_wconf 89' lang='lat' dir='ltr'><strong>vultu</strong></span> <span class='ocrx_word' id='word_1_60' title='bbox 448 1419 674 1489; x_wconf 87' lang='lat' dir='ltr'>Eumenidum</span> <span class='ocrx_word' id='word_1_61' title='bbox 690 1435 835 1489; x_wconf 92' lang='lat' dir='ltr'><strong>terretur</strong></span> <span class='ocrx_word' id='word_1_62' title='bbox 849 1436 883 1490; x_wconf 88' lang='lat' dir='ltr'><strong>et</strong></span> <span class='ocrx_word' id='word_1_63' title='bbox 896 1423 985 1516; x_wconf 84' lang='lat' dir='ltr'><strong>igni:</strong></span> <span class='ocrx_word' id='word_1_64' title='bbox 1137 1433 1186 1489; x_wconf 77' lang='lat'><strong>285</strong></span> 
     </span>
     <span class='ocr_line' id='line_1_11' title="bbox 103 1523 1019 1625; baseline 0.013 -35"><span class='ocrx_word' id='word_1_65' title='bbox 103 1523 168 1592; x_wconf 88' lang='lat' dir='ltr'><strong>Hic</strong></span> <span class='ocrx_word' id='word_1_66' title='bbox 184 1525 277 1595; x_wconf 88' lang='lat' dir='ltr'><strong>bove</strong></span> <span class='ocrx_word' id='word_1_67' title='bbox 294 1551 453 1624; x_wconf 85' lang='lat' dir='ltr'><strong>percusso</strong></span> <span class='ocrx_word' id='word_1_68' title='bbox 469 1531 601 1625; x_wconf 90' lang='lat' dir='ltr'><strong>mugire</strong></span> <span class='ocrx_word' id='word_1_69' title='bbox 617 1533 874 1625; x_wconf 82' lang='lat' dir='ltr'><strong>Agamemnona</strong></span> <span class='ocrx_word' id='word_1_70' title='bbox 893 1533 1019 1620; x_wconf 92' lang='lat' dir='ltr'><strong>credit,</strong></span> 
     </span>
     <span class='ocr_line' id='line_1_12' title="bbox 102 1634 1014 1736; baseline 0.013 -36"><span class='ocrx_word' id='word_1_71' title='bbox 102 1634 172 1701; x_wconf 81' lang='lat' dir='ltr'><strong>Aut</strong></span> <span class='ocrx_word' id='word_1_72' title='bbox 184 1635 368 1705; x_wconf 88' lang='lat' dir='ltr'><strong>Ithacum:</strong></span> <span class='ocrx_word' id='word_1_73' title='bbox 384 1653 500 1733; x_wconf 86' lang='lat' dir='ltr'><strong>parcat</strong></span> <span class='ocrx_word' id='word_1_74' title='bbox 514 1640 635 1710; x_wconf 91' lang='lat' dir='ltr'><strong>tunicis</strong></span> <span class='ocrx_word' id='word_1_75' title='bbox 648 1637 727 1709; x_wconf 90' lang='lat' dir='ltr'><strong>licet</strong></span> <span class='ocrx_word' id='word_1_76' title='bbox 741 1656 843 1736; x_wconf 90' lang='lat' dir='ltr'><strong>atque</strong></span> <span class='ocrx_word' id='word_1_77' title='bbox 857 1641 1014 1727; x_wconf 87' lang='lat' dir='ltr'><strong>lacernis,</strong></span> 
     </span>
     <span class='ocr_line' id='line_1_13' title="bbox 103 1745 912 1848; baseline 0.011 -34"><span class='ocrx_word' id='word_1_78' title='bbox 103 1746 286 1815; x_wconf 87' lang='lat' dir='ltr'><strong>Curatoris</strong></span> <span class='ocrx_word' id='word_1_79' title='bbox 299 1745 390 1842; x_wconf 83' lang='lat' dir='ltr'><strong>eget,</strong></span> <span class='ocrx_word' id='word_1_80' title='bbox 406 1750 465 1844; x_wconf 92' lang='lat' dir='ltr'><strong>qui</strong></span> <span class='ocrx_word' id='word_1_81' title='bbox 480 1774 599 1819; x_wconf 83' lang='lat' dir='ltr'><strong>navem</strong></span> <span class='ocrx_word' id='word_1_82' title='bbox 614 1753 781 1822; x_wconf 83' lang='lat' dir='ltr'><strong>mercibus</strong></span> <span class='ocrx_word' id='word_1_83' title='bbox 797 1754 912 1848; x_wconf 87' lang='lat' dir='ltr'><strong>implet</strong></span> 
     </span>
     <span class='ocr_line' id='line_1_14' title="bbox 105 1853 1015 1959; baseline 0.013 -38"><span class='ocrx_word' id='word_1_84' title='bbox 105 1853 155 1922; x_wconf 80' lang='lat' dir='ltr'><strong>Ad</strong></span> <span class='ocrx_word' id='word_1_85' title='bbox 170 1880 346 1927; x_wconf 89' lang='lat' dir='ltr'><strong>summum</strong></span> <span class='ocrx_word' id='word_1_86' title='bbox 363 1858 468 1947; x_wconf 90' lang='lat' dir='ltr'><strong>latus,</strong></span> <span class='ocrx_word' id='word_1_87' title='bbox 490 1875 523 1930; x_wconf 88' lang='lat' dir='ltr'><strong>et</strong></span> <span class='ocrx_word' id='word_1_88' title='bbox 539 1861 653 1930; x_wconf 91' lang='lat' dir='ltr'><strong>tabula</strong></span> <span class='ocrx_word' id='word_1_89' title='bbox 669 1863 887 1959; x_wconf 84' lang='lat' dir='ltr'><strong>distinguitur</strong></span> <span class='ocrx_word' id='word_1_90' title='bbox 906 1865 1015 1952; x_wconf 87' lang='lat' dir='ltr'><strong>unda;</strong></span> 
     </span>
     <span class='ocr_line' id='line_1_15' title="bbox 106 1965 1186 2070; baseline 0.014 -36"><span class='ocrx_word' id='word_1_91' title='bbox 106 1965 222 2053; x_wconf 87' lang='lat' dir='ltr'><strong>Quum</strong></span> <span class='ocrx_word' id='word_1_92' title='bbox 237 1984 280 2038; x_wconf 90' lang='lat' dir='ltr'><strong>srt</strong></span> <span class='ocrx_word' id='word_1_93' title='bbox 296 1996 410 2040; x_wconf 84' lang='lat' dir='ltr'><strong>caussa</strong></span> <span class='ocrx_word' id='word_1_94' title='bbox 422 1970 499 2039; x_wconf 90' lang='lat' dir='ltr'><strong>mali</strong></span> <span class='ocrx_word' id='word_1_95' title='bbox 513 1973 598 2042; x_wconf 91' lang='lat' dir='ltr'><strong>tanti</strong></span> <span class='ocrx_word' id='word_1_96' title='bbox 613 1987 646 2042; x_wconf 91' lang='lat' dir='ltr'><strong>et</strong></span> <span class='ocrx_word' id='word_1_97' title='bbox 659 1972 860 2042; x_wconf 85' lang='lat' dir='ltr'><strong>discriminis</strong></span> <span class='ocrx_word' id='word_1_98' title='bbox 876 1975 977 2070; x_wconf 87' lang='lat' dir='ltr'><strong>hujus</strong></span> <span class='ocrx_word' id='word_1_99' title='bbox 1134 2013 1186 2062; x_wconf 74' lang='lat'><strong>290</strong></span> 
     </span>
     <span class='ocr_line' id='line_1_16' title="bbox 107 2076 1013 2178; baseline 0.01 -34"><span class='ocrx_word' id='word_1_100' title='bbox 107 2076 293 2147; x_wconf 86' lang='lat' dir='ltr'><strong>Concisum</strong></span> <span class='ocrx_word' id='word_1_101' title='bbox 310 2094 485 2174; x_wconf 90' lang='lat' dir='ltr'><strong>argentum</strong></span> <span class='ocrx_word' id='word_1_102' title='bbox 500 2082 535 2148; x_wconf 93' lang='lat' dir='ltr'><strong>in</strong></span> <span class='ocrx_word' id='word_1_103' title='bbox 549 2082 664 2150; x_wconf 90' lang='lat' dir='ltr'><strong>titulos</strong></span> <span class='ocrx_word' id='word_1_104' title='bbox 677 2081 845 2178; x_wconf 87' lang='lat' dir='ltr'><strong>faciesque</strong></span> <span class='ocrx_word' id='word_1_105' title='bbox 859 2085 1013 2154; x_wconf 86' lang='lat' dir='ltr'><strong>minutas.</strong></span> 
     </span>
     <span class='ocr_line' id='line_1_17' title="bbox 152 2189 1085 2287; baseline 0.009 -32"><span class='ocrx_word' id='word_1_106' title='bbox 152 2189 354 2260; x_wconf 85' lang='lat' dir='ltr'><strong>Occurrunt</strong></span> <span class='ocrx_word' id='word_1_107' title='bbox 371 2192 477 2262; x_wconf 87' lang='lat' dir='ltr'><strong>nubes</strong></span> <span class='ocrx_word' id='word_1_108' title='bbox 496 2207 529 2260; x_wconf 90' lang='lat' dir='ltr'><strong>et</strong></span> <span class='ocrx_word' id='word_1_109' title='bbox 545 2190 699 2287; x_wconf 86' lang='lat' dir='ltr'><strong>fulgura:</strong></span> <span class='ocrx_word' id='word_1_110' title='bbox 718 2191 870 2265; x_wconf 75' lang='lat' dir='ltr'><strong>«Solvite</strong></span> <span class='ocrx_word' id='word_1_111' title='bbox 888 2193 1021 2280; x_wconf 90' lang='lat' dir='ltr'><strong>funem,</strong></span> <span class='ocrx_word' id='word_1_112' title='bbox 1083 2243 1085 2246; x_wconf 93' lang='lat'>-</span> 
     </span>
     <span class='ocr_line' id='line_1_18' title="bbox 107 2298 954 2396; baseline 0.007 -33"><span class='ocrx_word' id='word_1_113' title='bbox 107 2298 284 2368; x_wconf 80' lang='lat' dir='ltr'><strong>Frumenti</strong></span> <span class='ocrx_word' id='word_1_114' title='bbox 302 2300 457 2370; x_wconf 91' lang='lat' dir='ltr'><strong>dominus</strong></span> <span class='ocrx_word' id='word_1_115' title='bbox 473 2299 593 2370; x_wconf 89' lang='lat' dir='ltr'><strong>elamat</strong></span> <span class='ocrx_word' id='word_1_116' title='bbox 607 2301 798 2396; x_wconf 84' lang='lat' dir='ltr'><strong>piperisque</strong></span> <span class='ocrx_word' id='word_1_117' title='bbox 812 2303 954 2388; x_wconf 86' lang='lat' dir='ltr'><strong>coemti3</strong></span> 
     </span>
    </p>
   </div>
   <div class='ocr_carea' id='block_1_3' title="bbox 5 2551 1187 3582">
    <p class='ocr_par' dir='ltr' id='par_1_3' title="bbox 60 2551 1186 2997">
     <span class='ocr_line' id='line_1_19' title="bbox 110 2551 1185 2628; baseline 0.006 -21"><span class='ocrx_word' id='word_1_118' title='bbox 110 2551 296 2627; x_wconf 81' lang='lat' dir='ltr'><strong>Carpathium</strong></span> <span class='ocrx_word' id='word_1_119' title='bbox 311 2565 360 2610; x_wconf 87' lang='lat' dir='ltr'><strong>aut</strong></span> <span class='ocrx_word' id='word_1_120' title='bbox 372 2554 539 2612; x_wconf 71' lang='lat' dir='ltr'><strong>Africanum</strong></span> <span class='ocrx_word' id='word_1_121' title='bbox 559 2555 711 2628; x_wconf 86' lang='lat' dir='ltr'><strong>pervolant</strong></span> <span class='ocrx_word' id='word_1_122' title='bbox 726 2573 821 2624; x_wconf 89' lang='lat' dir='ltr'><strong>mare,</strong></span> <span class='ocrx_word' id='word_1_123' title='bbox 836 2557 887 2612; x_wconf 89' lang='lat' dir='ltr'><strong>sed</strong></span> <span class='ocrx_word' id='word_1_124' title='bbox 903 2565 981 2611; x_wconf 87' lang='lat' dir='ltr'><strong>trans</strong></span> <span class='ocrx_word' id='word_1_125' title='bbox 999 2555 1084 2612; x_wconf 86' lang='lat' dir='ltr'><strong>etiarn</strong></span> <span class='ocrx_word' id='word_1_126' title='bbox 1100 2574 1185 2613; x_wconf 89' lang='lat' dir='ltr'><strong>mou-</strong></span> 
     </span>
     <span class='ocr_line' id='line_1_20' title="bbox 60 2639 1185 2721; baseline 0.006 -23"><span class='ocrx_word' id='word_1_127' title='bbox 60 2651 66 2662; x_wconf 88' lang='grc'><em>·</em></span> <span class='ocrx_word' id='word_1_128' title='bbox 83 2639 89 2648; x_wconf 81' lang='lat'>&#39;</span> <span class='ocrx_word' id='word_1_129' title='bbox 108 2657 162 2700; x_wconf 87' lang='lat' dir='ltr'><strong>tem</strong></span> <span class='ocrx_word' id='word_1_130' title='bbox 177 2647 283 2720; x_wconf 85' lang='lat' dir='ltr'><strong>Calpes</strong></span> <span class='ocrx_word' id='word_1_131' title='bbox 297 2657 468 2721; x_wconf 87' lang='lat' dir='ltr'><strong>penetrant,</strong></span> <span class='ocrx_word' id='word_1_132' title='bbox 483 2647 624 2703; x_wconf 84' lang='lat' dir='ltr'><strong>auditurae</strong></span> <span class='ocrx_word' id='word_1_133' title='bbox 643 2646 799 2704; x_wconf 88' lang='lat' dir='ltr'><strong>stridorem</strong></span> <span class='ocrx_word' id='word_1_134' title='bbox 818 2648 887 2704; x_wconf 86' lang='lat' dir='ltr'><strong>solis</strong></span> <span class='ocrx_word' id='word_1_135' title='bbox 906 2667 1023 2704; x_wconf 90' lang='lat' dir='ltr'><strong>currum</strong></span> <span class='ocrx_word' id='word_1_136' title='bbox 1041 2648 1185 2705; x_wconf 90' lang='lat' dir='ltr'><strong>Gaditano</strong></span> 
     </span>
     <span class='ocr_line' id='line_1_21' title="bbox 109 2738 1186 2815; baseline 0.005 -23"><span class='ocrx_word' id='word_1_137' title='bbox 109 2739 178 2794; x_wconf 87' lang='lat' dir='ltr'><strong>mari</strong></span> <span class='ocrx_word' id='word_1_138' title='bbox 190 2740 358 2815; x_wconf 86' lang='lat' dir='ltr'><strong>mergentis.</strong></span> <span class='ocrx_word' id='word_1_139' title='bbox 369 2739 486 2796; x_wconf 86' lang='lat' dir='ltr'><strong>Scilicet</strong></span> <span class='ocrx_word' id='word_1_140' title='bbox 502 2738 638 2795; x_wconf 85' lang='lat' dir='ltr'><strong>omnibus</strong></span> <span class='ocrx_word' id='word_1_141' title='bbox 651 2739 883 2814; x_wconf 88' lang='lat' dir='ltr'><strong>operaepretium</strong></span> <span class='ocrx_word' id='word_1_142' title='bbox 895 2749 938 2795; x_wconf 87' lang='lat' dir='ltr'><strong>est</strong></span> <span class='ocrx_word' id='word_1_143' title='bbox 953 2741 1062 2796; x_wconf 87' lang='lat' dir='ltr'><strong>Oceani</strong></span> <span class='ocrx_word' id='word_1_144' title='bbox 1075 2740 1186 2797; x_wconf 85' lang='lat' dir='ltr'><strong>belluas</strong></span> 
     </span>
     <span class='ocr_line' id='line_1_22' title="bbox 110 2830 1184 2907; baseline 0.006 -23"><span class='ocrx_word' id='word_1_145' title='bbox 110 2838 135 2885; x_wconf 87' lang='lat' dir='ltr'><strong>et</strong></span> <span class='ocrx_word' id='word_1_146' title='bbox 147 2830 288 2886; x_wconf 84' lang='lat' dir='ltr'><strong>Tritones</strong></span> <span class='ocrx_word' id='word_1_147' title='bbox 297 2830 419 2900; x_wconf 77' lang='lat' dir='ltr'><strong>vidisse,</strong></span> <span class='ocrx_word' id='word_1_148' title='bbox 431 2830 512 2887; x_wconf 88' lang='lat' dir='ltr'><strong>uude</strong></span> <span class='ocrx_word' id='word_1_149' title='bbox 524 2831 644 2888; x_wconf 89' lang='lat' dir='ltr'><strong>domum</strong></span> <span class='ocrx_word' id='word_1_150' title='bbox 653 2831 775 2888; x_wconf 86' lang='lat' dir='ltr'><strong>redeant</strong></span> <span class='ocrx_word' id='word_1_151' title='bbox 783 2831 930 2907; x_wconf 85' lang='lat' dir='ltr'><strong>marsupio</strong></span> <span class='ocrx_word' id='word_1_152' title='bbox 942 2832 1037 2888; x_wconf 84' lang='lat' dir='ltr'><strong>nuruis</strong></span> <span class='ocrx_word' id='word_1_153' title='bbox 1048 2832 1184 2906; x_wconf 82' lang='lat' dir='ltr'><strong>distento,</strong></span> 
     </span>
     <span class='ocr_line' id='line_1_23' title="bbox 111 2921 487 2997; baseline 0.013 -22"><span class='ocrx_word' id='word_1_154' title='bbox 111 2939 139 2976; x_wconf 84' lang='lat' dir='ltr'><strong>aa</strong></span> <span class='ocrx_word' id='word_1_155' title='bbox 149 2921 245 2978; x_wconf 84' lang='lat' dir='ltr'><strong>divite</strong></span> <span class='ocrx_word' id='word_1_156' title='bbox 255 2921 353 2996; x_wconf 73' lang='lat' dir='ltr'><strong>praeda</strong></span> <span class='ocrx_word' id='word_1_157' title='bbox 361 2922 487 2997; x_wconf 89' lang='lat' dir='ltr'><strong>superbi.</strong></span> 
     </span>
    </p>

    <p class='ocr_par' dir='ltr' id='par_1_4' title="bbox 5 3013 1187 3582">
     <span class='ocr_line' id='line_1_24' title="bbox 146 3013 1187 3090; baseline 0.004 -20"><span class='ocrx_word' id='word_1_158' title='bbox 146 3013 218 3081; x_wconf 72' lang='lat' dir='ltr'><strong>aaa.</strong></span> <span class='ocrx_word' id='word_1_159' title='bbox 240 3014 380 3072; x_wconf 85' lang='lat' dir='ltr'><strong>Homines</strong></span> <span class='ocrx_word' id='word_1_160' title='bbox 397 3015 445 3072; x_wconf 90' lang='lat' dir='ltr'><strong>alii</strong></span> <span class='ocrx_word' id='word_1_161' title='bbox 463 3015 517 3071; x_wconf 88' lang='lat' dir='ltr'><strong>alia</strong></span> <span class='ocrx_word' id='word_1_162' title='bbox 533 3015 668 3071; x_wconf 90' lang='lat' dir='ltr'><strong>laborant</strong></span> <span class='ocrx_word' id='word_1_163' title='bbox 689 3015 806 3070; x_wconf 87' lang='lat' dir='ltr'><strong>insania.</strong></span> <span class='ocrx_word' id='word_1_164' title='bbox 830 3017 881 3071; x_wconf 83' lang='lat' dir='ltr'><strong>Est</strong></span> <span class='ocrx_word' id='word_1_165' title='bbox 899 3015 950 3090; x_wconf 91' lang='lat' dir='ltr'><strong>qui</strong></span> <span class='ocrx_word' id='word_1_166' title='bbox 966 3014 1046 3071; x_wconf 83' lang='lat' dir='ltr'><strong>taedis</strong></span> <span class='ocrx_word' id='word_1_167' title='bbox 1065 3027 1187 3075; x_wconf 86' lang='lat' dir='ltr'><strong>armatas</strong></span> 
     </span>
     <span class='ocr_line' id='line_1_25' title="bbox 111 3105 1187 3166; baseline 0.002 -2"><span class='ocrx_word' id='word_1_168' title='bbox 111 3119 137 3164; x_wconf 89' lang='lat' dir='ltr'><strong>et</strong></span> <span class='ocrx_word' id='word_1_169' title='bbox 149 3105 279 3164; x_wconf 87' lang='lat' dir='ltr'><strong>minaces</strong></span> <span class='ocrx_word' id='word_1_170' title='bbox 293 3107 393 3166; x_wconf 87' lang='lat' dir='ltr'><strong>Furias</strong></span> <span class='ocrx_word' id='word_1_171' title='bbox 407 3108 508 3165; x_wconf 84' lang='lat' dir='ltr'><strong>videre</strong></span> <span class='ocrx_word' id='word_1_172' title='bbox 519 3107 574 3164; x_wconf 91' lang='lat' dir='ltr'><strong>sibi</strong></span> <span class='ocrx_word' id='word_1_173' title='bbox 585 3107 719 3164; x_wconf 84' lang='lat' dir='ltr'><strong>videatur</strong></span> <span class='ocrx_word' id='word_1_174' title='bbox 730 3106 762 3162; x_wconf 90' lang='lat' dir='ltr'><strong>in</strong></span> <span class='ocrx_word' id='word_1_175' title='bbox 776 3107 886 3164; x_wconf 87' lang='lat' dir='ltr'><strong>sororis</strong></span> <span class='ocrx_word' id='word_1_176' title='bbox 899 3107 1097 3164; x_wconf 70' lang='lat' dir='ltr'><strong>amantissimae</strong></span> <span class='ocrx_word' id='word_1_177' title='bbox 1108 3128 1187 3166; x_wconf 89' lang='lat' dir='ltr'><strong>com-</strong></span> 
     </span>
     <span class='ocr_line' id='line_1_26' title="bbox 48 3197 1186 3276; baseline 0.002 -20"><span class='ocrx_word' id='word_1_178' title='bbox 48 3230 52 3244; x_wconf 48' lang='grc' dir='ltr'><strong>ν</strong></span> <span class='ocrx_word' id='word_1_179' title='bbox 113 3201 215 3273; x_wconf 79' lang='lat' dir='ltr'><strong>plexu3</strong></span> <span class='ocrx_word' id='word_1_180' title='bbox 233 3200 359 3275; x_wconf 90' lang='lat' dir='ltr'><strong>estqui,</strong></span> <span class='ocrx_word' id='word_1_181' title='bbox 380 3201 449 3258; x_wconf 90' lang='lat' dir='ltr'><strong>dum</strong></span> <span class='ocrx_word' id='word_1_182' title='bbox 461 3201 551 3256; x_wconf 80' lang='lat' dir='ltr'><strong>bores</strong></span> <span class='ocrx_word' id='word_1_183' title='bbox 568 3211 598 3255; x_wconf 93' lang='lat' dir='ltr'><strong>et</strong></span> <span class='ocrx_word' id='word_1_184' title='bbox 612 3199 738 3274; x_wconf 88' lang='lat' dir='ltr'><strong>pecudes</strong></span> <span class='ocrx_word' id='word_1_185' title='bbox 750 3197 870 3276; x_wconf 85' lang='lat' dir='ltr'><strong>flagellis</strong></span> <span class='ocrx_word' id='word_1_186' title='bbox 884 3200 983 3270; x_wconf 87' lang='lat' dir='ltr'><strong>caedit,</strong></span> <span class='ocrx_word' id='word_1_187' title='bbox 1008 3211 1091 3276; x_wconf 88' lang='lat' dir='ltr'><strong>putet</strong></span> <span class='ocrx_word' id='word_1_188' title='bbox 1105 3222 1135 3258; x_wconf 88' lang='lat' dir='ltr'><strong>se</strong></span> <span class='ocrx_word' id='word_1_189' title='bbox 1154 3203 1186 3258; x_wconf 91' lang='lat' dir='ltr'><strong>in</strong></span> 
     </span>
     <span class='ocr_line' id='line_1_27' title="bbox 113 3292 1186 3370; baseline 0.001 -22"><span class='ocrx_word' id='word_1_190' title='bbox 113 3295 358 3370; x_wconf 81' lang='lat' dir='ltr'><strong>Agamemnonem</strong></span> <span class='ocrx_word' id='word_1_191' title='bbox 368 3292 479 3363; x_wconf 80' lang='lat' dir='ltr'><strong>saevire,</strong></span> <span class='ocrx_word' id='word_1_192' title='bbox 493 3293 695 3366; x_wconf 72' lang='lat' dir='ltr'><strong>autUlpssem.</strong></span> <span class='ocrx_word' id='word_1_193' title='bbox 710 3292 851 3360; x_wconf 84' lang='lat' dir='ltr'><strong>Quamvis</strong></span> <span class='ocrx_word' id='word_1_194' title='bbox 864 3311 967 3349; x_wconf 84' lang='lat' dir='ltr'><strong>avams</strong></span> <span class='ocrx_word' id='word_1_195' title='bbox 978 3303 1070 3350; x_wconf 84' lang='lat' dir='ltr'><strong>vestes</strong></span> <span class='ocrx_word' id='word_1_196' title='bbox 1083 3293 1186 3350; x_wconf 84' lang='lat' dir='ltr'><strong>furiosi</strong></span> 
     </span>
     <span class='ocr_line' id='line_1_28' title="bbox 115 3385 1184 3462; baseline 0 -20"><span class='ocrx_word' id='word_1_197' title='bbox 115 3404 194 3444; x_wconf 89' lang='lat' dir='ltr'><strong>more</strong></span> <span class='ocrx_word' id='word_1_198' title='bbox 212 3405 276 3443; x_wconf 88' lang='lat' dir='ltr'><strong>non</strong></span> <span class='ocrx_word' id='word_1_199' title='bbox 293 3386 455 3458; x_wconf 88' lang='lat' dir='ltr'><strong>discindat,</strong></span> <span class='ocrx_word' id='word_1_200' title='bbox 477 3405 539 3443; x_wconf 90' lang='lat' dir='ltr'><strong>non</strong></span> <span class='ocrx_word' id='word_1_201' title='bbox 558 3386 654 3441; x_wconf 88' lang='lat' dir='ltr'><strong>minus</strong></span> <span class='ocrx_word' id='word_1_202' title='bbox 668 3396 764 3441; x_wconf 83' lang='lat' dir='ltr'><strong>tamen</strong></span> <span class='ocrx_word' id='word_1_203' title='bbox 782 3396 916 3442; x_wconf 87' lang='lat' dir='ltr'><strong>curatore</strong></span> <span class='ocrx_word' id='word_1_204' title='bbox 936 3385 1034 3459; x_wconf 89' lang='lat' dir='ltr'><strong>aliquo</strong></span> <span class='ocrx_word' id='word_1_205' title='bbox 1057 3385 1184 3462; x_wconf 85' lang='lat' dir='ltr'><strong>indiget,</strong></span> 
     </span>
     <span class='ocr_line' id='line_1_29' title="bbox 5 3477 1186 3582; baseline -0.001 -46"><span class='ocrx_word' id='word_1_206' title='bbox 5 3503 8 3582; x_wconf 59' lang='lat' dir='ltr'><strong>p</strong></span> <span class='ocrx_word' id='word_1_207' title='bbox 114 3497 196 3554; x_wconf 88' lang='lat' dir='ltr'><strong>quam</strong></span> <span class='ocrx_word' id='word_1_208' title='bbox 211 3479 264 3556; x_wconf 87' lang='lat' dir='ltr'><strong>qui</strong></span> <span class='ocrx_word' id='word_1_209' title='bbox 278 3481 372 3554; x_wconf 85' lang='lat' dir='ltr'><strong>palam</strong></span> <span class='ocrx_word' id='word_1_210' title='bbox 386 3479 551 3549; x_wconf 86' lang='lat' dir='ltr'><strong>insaniunt,</strong></span> <span class='ocrx_word' id='word_1_211' title='bbox 574 3478 643 3536; x_wconf 91' lang='lat' dir='ltr'><strong>dum</strong></span> <span class='ocrx_word' id='word_1_212' title='bbox 657 3477 802 3534; x_wconf 91' lang='lat' dir='ltr'><strong>mercibus</strong></span> <span class='ocrx_word' id='word_1_213' title='bbox 819 3489 911 3535; x_wconf 89' lang='lat' dir='ltr'><strong>ratem</strong></span> <span class='ocrx_word' id='word_1_214' title='bbox 927 3477 1028 3552; x_wconf 90' lang='lat' dir='ltr'><strong>implet</strong></span> <span class='ocrx_word' id='word_1_215' title='bbox 1045 3479 1186 3553; x_wconf 87' lang='lat' dir='ltr'><strong>usquead</strong></span> 
     </span>
    </p>
   </div>
   <div class='ocr_carea' id='block_1_4' title="bbox 5 3569 1257 3924">
    <p class='ocr_par' dir='ltr' id='par_1_5' title="bbox 5 3569 1257 3924">
     <span class='ocr_line' id='line_1_30' title="bbox 5 3569 1186 3646; baseline 0 -18"><span class='ocrx_word' id='word_1_216' title='bbox 5 3587 6 3596; x_wconf 58' lang='lat'>¹</span> <span class='ocrx_word' id='word_1_217' title='bbox 115 3583 253 3628; x_wconf 82' lang='lat' dir='ltr'><strong>extremas</strong></span> <span class='ocrx_word' id='word_1_218' title='bbox 266 3569 327 3646; x_wconf 87' lang='lat' dir='ltr'><strong>ejus</strong></span> <span class='ocrx_word' id='word_1_219' title='bbox 344 3589 428 3642; x_wconf 84' lang='lat' dir='ltr'><strong>oras,</strong></span> <span class='ocrx_word' id='word_1_220' title='bbox 447 3581 475 3628; x_wconf 89' lang='lat' dir='ltr'><strong>et</strong></span> <span class='ocrx_word' id='word_1_221' title='bbox 493 3570 580 3626; x_wconf 88' lang='lat' dir='ltr'><strong>nnius</strong></span> <span class='ocrx_word' id='word_1_222' title='bbox 593 3569 713 3639; x_wconf 86' lang='lat' dir='ltr'><strong>asseris,</strong></span> <span class='ocrx_word' id='word_1_223' title='bbox 735 3589 795 3645; x_wconf 89' lang='lat' dir='ltr'><strong>quo</strong></span> <span class='ocrx_word' id='word_1_224' title='bbox 809 3582 956 3646; x_wconf 85' lang='lat' dir='ltr'><strong>compacta</strong></span> <span class='ocrx_word' id='word_1_225' title='bbox 967 3570 1048 3626; x_wconf 79' lang='lat' dir='ltr'><strong>naris</strong></span> <span class='ocrx_word' id='word_1_226' title='bbox 1063 3582 1119 3642; x_wconf 86' lang='lat' dir='ltr'><strong>est,</strong></span> <span class='ocrx_word' id='word_1_227' title='bbox 1140 3571 1186 3628; x_wconf 89' lang='lat' dir='ltr'><strong>in-</strong></span> 
     </span>
     <span class='ocr_line' id='line_1_31' title="bbox 5 3660 1257 3738; baseline 0.002 -20"><span class='ocrx_word' id='word_1_228' title='bbox 5 3667 7 3736; x_wconf 64' lang='lat'>2</span> <span class='ocrx_word' id='word_1_229' title='bbox 116 3664 251 3734; x_wconf 72' lang='lat' dir='ltr'><strong>tertullo,</strong></span> <span class='ocrx_word' id='word_1_230' title='bbox 274 3662 382 3720; x_wconf 85' lang='lat' dir='ltr'><strong>amari</strong></span> <span class='ocrx_word' id='word_1_231' title='bbox 402 3673 433 3720; x_wconf 87' lang='lat' dir='ltr'><strong>et</strong></span> <span class='ocrx_word' id='word_1_232' title='bbox 453 3673 549 3720; x_wconf 87' lang='lat' dir='ltr'><strong>morte</strong></span> <span class='ocrx_word' id='word_1_233' title='bbox 570 3672 737 3737; x_wconf 84' lang='lat' dir='ltr'><strong>separatur;</strong></span> <span class='ocrx_word' id='word_1_234' title='bbox 763 3681 852 3736; x_wconf 88' lang='lat' dir='ltr'><strong>quum</strong></span> <span class='ocrx_word' id='word_1_235' title='bbox 871 3660 908 3717; x_wconf 87' lang='lat' dir='ltr'><strong>ad</strong></span> <span class='ocrx_word' id='word_1_236' title='bbox 928 3671 987 3715; x_wconf 88' lang='lat' dir='ltr'><strong>tam</strong></span> <span class='ocrx_word' id='word_1_237' title='bbox 1003 3661 1118 3718; x_wconf 81' lang='lat' dir='ltr'><strong>exitiale</strong></span> <span class='ocrx_word' id='word_1_238' title='bbox 1134 3681 1186 3738; x_wconf 91' lang='lat' dir='ltr'><strong>pe-</strong></span> <span class='ocrx_word' id='word_1_239' title='bbox 1254 3715 1257 3724; x_wconf 83' lang='lat'>‚</span> 
     </span>
     <span class='ocr_line' id='line_1_32' title="bbox 5 3753 1185 3831; baseline 0.003 -21"><span class='ocrx_word' id='word_1_240' title='bbox 5 3753 6 3766; x_wconf 61' lang='lat'>¹</span> <span class='ocrx_word' id='word_1_241' title='bbox 114 3753 236 3811; x_wconf 88' lang='lat' dir='ltr'><strong>riculum</strong></span> <span class='ocrx_word' id='word_1_242' title='bbox 251 3753 417 3811; x_wconf 86' lang='lat' dir='ltr'><strong>adeundum</strong></span> <span class='ocrx_word' id='word_1_243' title='bbox 431 3772 493 3811; x_wconf 88' lang='lat' dir='ltr'><strong>non</strong></span> <span class='ocrx_word' id='word_1_244' title='bbox 511 3754 566 3810; x_wconf 84' lang='lat' dir='ltr'><strong>alia</strong></span> <span class='ocrx_word' id='word_1_245' title='bbox 579 3753 745 3829; x_wconf 86' lang='lat' dir='ltr'><strong>impellatur</strong></span> <span class='ocrx_word' id='word_1_246' title='bbox 759 3771 868 3824; x_wconf 82' lang='lat' dir='ltr'><strong>caussa,</strong></span> <span class='ocrx_word' id='word_1_247' title='bbox 888 3770 976 3828; x_wconf 88' lang='lat' dir='ltr'><strong>quam</strong></span> <span class='ocrx_word' id='word_1_248' title='bbox 992 3764 1026 3809; x_wconf 94' lang='lat' dir='ltr'><strong>ut</strong></span> <span class='ocrx_word' id='word_1_249' title='bbox 1041 3753 1185 3831; x_wconf 85' lang='lat' dir='ltr'><strong>signatum</strong></span> 
     </span>
     <span class='ocr_line' id='line_1_33' title="bbox 5 3839 1036 3924; baseline -0.004 -20"><span class='ocrx_word' id='word_1_250' title='bbox 5 3839 6 3878; x_wconf 67' lang='lat'>3</span> <span class='ocrx_word' id='word_1_251' title='bbox 115 3846 202 3904; x_wconf 78' lang='lat' dir='ltr'><strong>titulis</strong></span> <span class='ocrx_word' id='word_1_252' title='bbox 215 3848 402 3924; x_wconf 85' lang='lat' dir='ltr'><strong>vultibusque</strong></span> <span class='ocrx_word' id='word_1_253' title='bbox 417 3846 536 3904; x_wconf 86' lang='lat' dir='ltr'><strong>minutis</strong></span> <span class='ocrx_word' id='word_1_254' title='bbox 554 3857 707 3922; x_wconf 89' lang='lat' dir='ltr'><strong>argentum</strong></span> <span class='ocrx_word' id='word_1_255' title='bbox 721 3845 753 3902; x_wconf 90' lang='lat' dir='ltr'><strong>in</strong></span> <span class='ocrx_word' id='word_1_256' title='bbox 768 3847 880 3903; x_wconf 77' lang='lat' dir='ltr'><strong>lucidos</strong></span> <span class='ocrx_word' id='word_1_257' title='bbox 894 3846 1036 3902; x_wconf 89' lang='lat' dir='ltr'><strong>demittat.</strong></span> 
     </span>
    </p>
   </div>
   <div class='ocr_carea' id='block_1_5' title="bbox 152 3939 1187 4017">
    <p class='ocr_par' dir='ltr' id='par_1_6' title="bbox 152 3939 1187 4017">
     <span class='ocr_line' id='line_1_34' title="bbox 152 3939 1187 4017; baseline 0 -21"><span class='ocrx_word' id='word_1_258' title='bbox 152 3957 219 4016; x_wconf 78' lang='lat'>²9²·</span> <span class='ocrx_word' id='word_1_259' title='bbox 241 3940 363 4016; x_wconf 84' lang='lat' dir='ltr'><strong>Cogitur</strong></span> <span class='ocrx_word' id='word_1_260' title='bbox 374 3942 405 3996; x_wconf 89' lang='lat' dir='ltr'><strong>iu</strong></span> <span class='ocrx_word' id='word_1_261' title='bbox 418 3941 527 3996; x_wconf 87' lang='lat' dir='ltr'><strong>nubem</strong></span> <span class='ocrx_word' id='word_1_262' title='bbox 539 3959 589 3997; x_wconf 89' lang='lat' dir='ltr'><strong>aer</strong></span> <span class='ocrx_word' id='word_1_263' title='bbox 601 3939 753 4011; x_wconf 84' lang='lat' dir='ltr'><strong>turbidus,</strong></span> <span class='ocrx_word' id='word_1_264' title='bbox 766 3939 891 3996; x_wconf 89' lang='lat' dir='ltr'><strong>emicant</strong></span> <span class='ocrx_word' id='word_1_265' title='bbox 903 3939 1038 4017; x_wconf 81' lang='lat' dir='ltr'><strong>fulgura:</strong></span> <span class='ocrx_word' id='word_1_266' title='bbox 1052 3939 1187 3997; x_wconf 85' lang='lat' dir='ltr'><strong>inclamat</strong></span> 
     </span>
    </p>
   </div>
   <div class='ocr_carea' id='block_1_6' title="bbox 5 4029 1186 4199">
    <p class='ocr_par' dir='ltr' id='par_1_7' title="bbox 5 4029 1186 4199">
     <span class='ocr_line' id='line_1_35' title="bbox 5 4029 1186 4105; baseline 0.001 -19"><span class='ocrx_word' id='word_1_267' title='bbox 5 4057 6 4062; x_wconf 42' lang='lat'>¹</span> <span class='ocrx_word' id='word_1_268' title='bbox 117 4029 300 4089; x_wconf 86' lang='lat' dir='ltr'><strong>nihilominus</strong></span> <span class='ocrx_word' id='word_1_269' title='bbox 320 4043 466 4089; x_wconf 85' lang='lat' dir='ltr'><strong>mercator</strong></span> <span class='ocrx_word' id='word_1_270' title='bbox 486 4043 600 4102; x_wconf 88' lang='lat' dir='ltr'><strong>nautas,</strong></span> <span class='ocrx_word' id='word_1_271' title='bbox 626 4043 660 4088; x_wconf 90' lang='lat' dir='ltr'><strong>ut</strong></span> <span class='ocrx_word' id='word_1_272' title='bbox 683 4041 816 4088; x_wconf 85' lang='lat' dir='ltr'><strong>onustam</strong></span> <span class='ocrx_word' id='word_1_273' title='bbox 837 4030 935 4087; x_wconf 92' lang='lat' dir='ltr'><strong>tritico</strong></span> <span class='ocrx_word' id='word_1_274' title='bbox 959 4041 989 4087; x_wconf 92' lang='lat' dir='ltr'><strong>et</strong></span> <span class='ocrx_word' id='word_1_275' title='bbox 1008 4030 1108 4105; x_wconf 90' lang='lat' dir='ltr'><strong>pipere</strong></span> <span class='ocrx_word' id='word_1_276' title='bbox 1134 4049 1186 4087; x_wconf 87' lang='lat' dir='ltr'><strong>suo</strong></span> 
     </span>
     <span class='ocr_line' id='line_1_36' title="bbox 5 4121 1185 4199; baseline -0.005 -17"><span class='ocrx_word' id='word_1_277' title='bbox 5 4165 6 4182; x_wconf 44' lang='lat' dir='ltr'><strong>i</strong></span> <span class='ocrx_word' id='word_1_278' title='bbox 117 4121 207 4179; x_wconf 77' lang='lat' dir='ltr'><strong>navim</strong></span> <span class='ocrx_word' id='word_1_279' title='bbox 220 4133 354 4199; x_wconf 89' lang='lat' dir='ltr'><strong>eportu,</strong></span> <span class='ocrx_word' id='word_1_280' title='bbox 369 4125 466 4181; x_wconf 86' lang='lat' dir='ltr'><strong>soluto</strong></span> <span class='ocrx_word' id='word_1_281' title='bbox 480 4123 566 4192; x_wconf 82' lang='lat' dir='ltr'><strong>inne,</strong></span> <span class='ocrx_word' id='word_1_282' title='bbox 585 4125 749 4198; x_wconf 88' lang='lat' dir='ltr'><strong>provehant</strong></span> <span class='ocrx_word' id='word_1_283' title='bbox 760 4124 791 4178; x_wconf 94' lang='lat' dir='ltr'><strong>in</strong></span> <span class='ocrx_word' id='word_1_284' title='bbox 805 4123 895 4179; x_wconf 85' lang='lat' dir='ltr'><strong>altum</strong></span> <span class='ocrx_word' id='word_1_285' title='bbox 910 4144 917 4178; x_wconf 75' lang='grc' dir='ltr'><strong><em>ε</em></strong></span> <span class='ocrx_word' id='word_1_286' title='bbox 935 4123 979 4178; x_wconf 87' lang='lat' dir='ltr'><strong>Ne</strong></span> <span class='ocrx_word' id='word_1_287' title='bbox 993 4140 1060 4188; x_wconf 85' lang='lat' dir='ltr'><strong>vos,</strong></span> <span class='ocrx_word' id='word_1_288' title='bbox 1078 4121 1185 4195; x_wconf 90' lang='lat' dir='ltr'><strong>inquit,</strong></span> 
     </span>
    </p>
   </div>
   <div class='ocr_carea' id='block_1_7' title="bbox 5 4215 1186 4298">
    <p class='ocr_par' dir='ltr' id='par_1_8' title="bbox 5 4215 1186 4298">
     <span class='ocr_line' id='line_1_37' title="bbox 5 4215 1186 4298; baseline -0.002 -27"><span class='ocrx_word' id='word_1_289' title='bbox 5 4223 6 4298; x_wconf 62' lang='lat' dir='ltr'>f</span> <span class='ocrx_word' id='word_1_290' title='bbox 117 4225 175 4274; x_wconf 85' lang='lat' dir='ltr'><strong>atra</strong></span> <span class='ocrx_word' id='word_1_291' title='bbox 183 4217 247 4276; x_wconf 85' lang='lat' dir='ltr'><strong>caeli</strong></span> <span class='ocrx_word' id='word_1_292' title='bbox 256 4215 351 4290; x_wconf 79' lang='lat' dir='ltr'><strong>facies,</strong></span> <span class='ocrx_word' id='word_1_293' title='bbox 363 4227 413 4276; x_wconf 83' lang='lat' dir='ltr'><strong>aut</strong></span> <span class='ocrx_word' id='word_1_294' title='bbox 422 4217 515 4278; x_wconf 86' lang='lat' dir='ltr'><strong>nubes</strong></span> <span class='ocrx_word' id='word_1_295' title='bbox 523 4215 636 4288; x_wconf 83' lang='lat' dir='ltr'><strong>lividae,</strong></span> <span class='ocrx_word' id='word_1_296' title='bbox 648 4235 711 4294; x_wconf 82' lang='lat' dir='ltr'><strong>quae</strong></span> <span class='ocrx_word' id='word_1_297' title='bbox 724 4217 823 4274; x_wconf 84' lang='lat' dir='ltr'><strong>eaelum</strong></span> <span class='ocrx_word' id='word_1_298' title='bbox 833 4215 924 4272; x_wconf 86' lang='lat' dir='ltr'><strong>instar</strong></span> <span class='ocrx_word' id='word_1_299' title='bbox 937 4215 1028 4272; x_wconf 80' lang='lat' dir='ltr'><strong>fasciae</strong></span> <span class='ocrx_word' id='word_1_300' title='bbox 1040 4215 1186 4284; x_wconf 84' lang='lat' dir='ltr'><strong>ambiunt,</strong></span> 
     </span>
    </p>
   </div>
   <div class='ocr_carea' id='block_1_8' title="bbox 0 0 1517 4984">
    <p class='ocr_par' dir='ltr' id='par_1_9' title="bbox 0 0 1517 4984">
     <span class='ocr_line' id='line_1_38' title="bbox 0 0 1517 4984; baseline 0 0"><span class='ocrx_word' id='word_1_301' title='bbox 0 0 1517 4984; x_wconf 95' lang='lat' dir='ltr'><strong> </strong></span> 
     </span>
    </p>
   </div>
  </div>
 </body>
</html>
