3036 4984
311 368 372 434 168
415 434 419 440 ,
465 365 638 434 mmm
660 325 953 434 inermum
976 367 1039 431 nr
1062 363 1215 432 norm

340 489 410 537 Vsu.
430 486 471 548 59.
488 485 573 534 Pueris
582 485 608 532 in
619 503 697 547 oue,
708 492 750 541 sl.
763 511 799 522 -
812 487 843 531 ln
853 499 929 541 aure,
946 487 1023 542 2-5,
1038 499 1149 546 ro-sn,
1159 480 1202 541 45,
1215 481 1319 540 5ο,“56,
1334 483 1382 542 57,

306 569 355 632 59,
369 571 417 625 oo,
431 570 480 626 64,
493 569 542 628 65,
559 586 607 630 70,
624 578 735 631 74-77.
748 569 778 616 ln
789 584 888 628 aurem,
903 585 925 628 1,
936 571 977 617 81.
992 571 1070 616 Vetus
1080 568 1192 617 scholion
1201 568 1235 616 its
1245 563 1381 630 legendnm

305 651 419 700 videtur:
430 651 535 700 «Coram
544 652 609 714 aliis,
620 652 647 700 id
661 663 712 712 est,
725 663 781 702 unte
796 653 868 713 ulios,
884 662 913 700 nt
925 655 988 717 frugi
1001 652 1095 710 videor,
1103 653 1185 717 pultes
1201 663 1243 700 unt
1255 649 1382 714 legumine

306 734 382 794 jubeo
400 746 517 801 parentur
532 737 593 794 tibi;
610 736 635 784 in
652 753 737 785 uuum
751 754 827 800 puero
844 737 890 785 slis
906 729 961 786 drino
976 737 1023 785 tibi
1038 737 1127 802 peruri.
1144 736 1264 802 Siliquae,
1282 733 1308 782 id
1329 741 1381 789 est,

306 819 467 881 parcitatem:
484 821 659 884 nsrn‘proprie
678 819 767 886 siliqua
784 830 836 879 est,
857 836 906 884 qun
923 820 1046 886 legumine
1062 820 1228 868 confinentnr.
1240 838 1252 860 ι
1273 818 1303 863 In
1325 830 1385 876 ore,

307 903 431 966 16-49,
449 903 498 962 54,
515 903 568 964 55,
592 904 641 966 53,
664 906 707 966 or,
725 906 779 972 62,
798 905 844 963 63,
865 904 983 969 66-69,
1003 921 1047 966 71,
1067 921 1112 966 72,
1132 906 1173 966 73.
1192 904 1222 949 In
1243 919 1317 963 aree,
1339 898 1382 947 ed.

305 984 411 1033 Furnsb.
431 995 455 1034 st
477 986 508 1034 sl.

340 1078 410 1131 Nor.
426 1078 469 1148 59.
490 1083 578 1131 Corum
587 1082 655 1140 aliis,
667 1079 770 1152 peloro,
781 1082 822 1132 vel
833 1080 907 1134 clsrs
918 1099 997 1146 voce,
1007 1080 1092 1134 otalii
1104 1078 1133 1133 id
1143 1078 1268 1138 audiunt,
1281 1093 1382 1147 meque

306 1159 438 1233 frugalem
451 1161 610 1217 existiment.
624 1167 758 1216 -Dicrsns
767 1183 858 1232 puero,
870 1165 959 1237 psrsri
974 1165 1120 1236 alienique
1131 1163 1198 1216 mihi
1208 1163 1382 1236 jubeemz—

305 1245 331 1294 in
344 1263 420 1306 aure,
435 1245 505 1299 elom
521 1256 548 1299 et
560 1247 736 1300 insusurrans.
758 1247 837 1300 Coos.
857 1248 924 1302 Hor.
937 1249 992 1302 Set.
1005 1249 1033 1314 1,
1047 1267 1078 1317 9,
1092 1267 1123 1316 9,
1137 1266 1186 1312 1⁰3
1197 1276 1232 1288 -
1240 1247 1385 1312 placentas,

306 1325 452 1394 dulcioris,
461 1329 550 1384 cilium
557 1323 754 1395 delicatiorem
765 1348 845 1403 quem
852 1330 990 1402 quomodo
999 1331 1154 1404 paraverint
1163 1321 1386 1390 uomentdooet

306 1413 387 1482 Coto,
400 1418 431 1470 ll.
442 1418 474 1471 11.
485 1419 529 1488 76,
539 1413 587 1469 obi
600 1416 657 1471 vid.
671 1417 758 1490 intpp.

341 1513 412 1566 Nor.
432 1517 475 1566 60.
495 1515 601 1568 Conviva
613 1517 674 1564 nsili
679 1516 832 1583 promissus,
846 1514 893 1586 qui
906 1527 932 1568 se
946 1515 1013 1570 mihi
1026 1514 1168 1570 convivam
1181 1515 1303 1566 futurum
1314 1526 1384 1581 pro-

307 1596 402 1650 misisti
413 1618 419 1647 :
431 1597 522 1651 Schol.
531 1597 585 1664 Qui
596 1597 725 1652 innitetur
735 1595 771 1650 sd
785 1615 888 1649 etenum
897 1611 924 1650 et
935 1616 962 1650 se
970 1611 1112 1651 venturum
1122 1597 1270 1670 promittit,
1279 1592 1385 1681 dicitur

300 1683 442 1746 promittere
453 1683 500 1749 (se
510 1679 670 1744 venturum)
680 1681 717 1730 ad
728 1683 847 1748 aliquem,
857 1697 904 1732 seu
916 1683 953 1730 od
961 1699 1066 1739 coenomr
1080 1683 1205 1731 eondrem
1212 1696 1276 1731 vero
1287 1691 1384 1726 coenorn

306 1762 384 1811 alicui
391 1773 418 1814 et
428 1761 516 1833 simpl.
529 1764 607 1812 alicui
615 1762 658 1813 vel
668 1764 753 1830 aliquo
764 1765 802 1812 ad
809 1780 901 1812 omnum
911 1762 1017 1828 (Germ.
1026 1765 1077 1813 siclt
1088 1783 1119 1812 zu
1132 1767 1208 1813 Goste
1217 1761 1308 1826 bitten)
1333 1756 1382 1830 qni

306 1844 468 1910 denunciat,
480 1863 507 1897 se
520 1843 555 1897 od
567 1862 668 1898 ocenum
681 1853 847 1912 ventorum.¹
855 1842 962 1896 -Vid.
976 1847 1108 1907 Cmmmer,
1116 1863 1180 1916 pag.
1192 1845 1251 1906 430.
1263 1845 1317 1896 Eu.

340 1943 367 1996 N
369 1961 410 1994 oo.
429 1945 472 1993 61.
493 1942 597 1991 Habebis
609 1942 764 1999 Evnndnnn,
776 1957 820 1992 me
832 1958 980 2012 pauperem
997 1954 1024 1994 et
1039 1941 1171 2012 frugalem
1188 1940 1338 2012 hospitem,
1352 1949 1382 1992 et

306 2026 393 2076 venies
411 2024 566 2088 Tirynthius,
583 2035 628 2072 ortt
643 2024 721 2072 mimr
737 2025 780 2073 illo
793 2025 894 2090 ltospes,
914 2042 985 2077 nme
997 2024 1118 2098 hospitio
1131 2026 1167 2078 ita
1180 2023 1335 2096 excipieris,
1352 2035 1386 2075 ut

307 2109 375 2164 olim
391 2108 426 2161 ub
444 2105 573 2160 Evandro
589 2105 720 2158 Hercules
743 2119 790 2158 sut
809 2109 916 2160 AEness.
937 2107 1018 2161 Poeta
1037 2127 1141 2162 memor
1161 2109 1212 2161 tuit
1230 2108 1284 2160 loci
1301 2107 1384 2174 Virg.

308 2189 506 2253 AEueid.‘vn1‚
520 2207 569 2242 roo
579 2207 634 2261 seq.
644 2201 669 2242 et
682 2188 834 2258 359-369;
849 2189 897 2242 ubi
909 2190 997 2261 egitur
1007 2189 1042 2243 de
1053 2210 1171 2264 paupere
1181 2189 1319 2251 Evandro,
1329 2189 1384 2259 qui

308 2274 450 2328 Herculem
462 2284 489 2324 et
502 2275 612 2324 AEneam
629 2269 748 2344 hospitio
763 2273 907 2344 exceperit.
921 2274 961 2325 De
974 2276 1091 2324 Evandro
1104 2272 1158 2326 vid.
1173 2276 1296 2325 Creoner's
1308 2277 1383 2335 Sym-

308 2361 388 2423 tulis,
403 2369 466 2410 tom.
476 2354 517 2420 ll,
531 2373 593 2428 pag.
608 2358 673 2418 426,
687 2355 747 2426 489.
761 2359 857 2410 AEnses
871 2359 958 2425 lorpes
970 2360 1025 2423 illo,
1039 2358 1170 2424 Hercule,
1182 2361 1262 2408 minor
1270 2356 1386 2429 quidem

307 2442 407 2497 virtute
419 2453 447 2493 et
464 2438 544 2492 rebus
561 2437 657 2509 gestis,
670 2454 695 2489 et
706 2441 759 2508 ipse
770 2454 854 2490 tamen
867 2445 1011 2508 contingens
1024 2446 1122 2506 mlum,
1136 2444 1221 2505 Deos,
1234 2439 1386 2513 sanguim,

308 2524 510 2599 propinquitate
520 2543 528 2590 ς
541 2522 687 2594 originem,
705 2535 731 2574 et
742 2535 882 2594 paternum
893 2537 920 2578 et
931 2538 1093 2592 maternum,
1104 2545 1119 2580 s
1130 2526 1188 2579 Diis
1200 2538 1339 2598 repetens:
1351 2538 1386 2578 ut

309 2609 382 2682 apud
396 2609 444 2663 Sil.
455 2607 509 2670 vl,
525 2611 587 2676 627,
601 2620 628 2660 et
643 2605 726 2665 v111.
748 2607 798 2674 293
809 2625 864 2678 seq.
875 2608 972 2662 Sensus
983 2624 1039 2664 ess:
1053 2611 1082 2666 Si
1095 2609 1221 2664 Evander
1232 2629 1279 2662 rex
1289 2609 1386 2682 hospi·

308 2693 396 2756 tibus,
411 2711 427 2746 u
441 2690 500 2745 Diis
511 2687 649 2757 oriundis,
662 2689 795 2762 frugalem
806 2688 882 2746 dedit
894 2710 1010 2760 conum,
1023 2713 1079 2748 non
1090 2693 1234 2748 lautiorem
1247 2711 1263 2746 a
1278 2713 1323 2746 me
1335 2713 1387 2747 ex·

310 2777 450 2852 spectabis.

342 2927 413 2974 Vsu.
433 2925 475 2972 62.
495 2922 633 2992 Contingit,
649 2937 688 2982 ro,
702 2922 744 2982 ir,
756 2932 803 2985 14,
818 2927 858 2986 ro,
871 2939 913 2973 ur.
926 2923 1063 2991 continges,
1074 2921 1117 2984 45.

342 3019 368 3071 N
370 3037 412 3072 or.
432 3019 475 3072 63.
494 3021 569 3080 Alter,
580 3019 685 3077 AEneas,
696 3020 779 3084 oquin
791 3023 863 3078 ulter,
876 3017 1015 3083 Hercules,
1017 3019 1132 3090 flammis
1141 3021 1179 3069 ad
1184 3019 1267 3068 sidem
1277 3017 1386 3067 missus:

307 3118 369 3153 nom
381 3103 491 3152 AEueum
502 3103 647 3152 veneranda
663 3103 761 3151 Numici
772 3105 858 3162 Undo,
877 3102 908 3155 in
917 3120 969 3173 qus
981 3141 989 3167 ,
1005 3101 1048 3154 vel
1058 3103 1136 3173 juxto
1149 3119 1231 3172 quum
1242 3100 1270 3152 in
1287 3098 1385 3170 praelio

306 3184 404 3258 periise
416 3181 524 3242 dicitur.
535 3189 613 3236 Deaeun
622 3186 684 3234 coelo
691 3187 756 3234 misit
764 3187 907 3253 Indigetem,
918 3185 1012 3237 ubluto
1023 3186 1109 3247 omni,
1119 3183 1193 3257 qood
1203 3185 1230 3236 in
1240 3203 1272 3236 eo
1282 3183 1386 3247 soeret,

306 3267 430 3329 mortali,
441 3279 472 3318 ot
485 3279 545 3318 utar
554 3265 643 3318 verbis
654 3266 757 3320 Tibull.
768 3269 810 3326 ll.
822 3268 851 3331 5,
865 3269 911 3330 43,
924 3267 971 3320 ubi
983 3267 1038 3320 vid.
1047 3268 1135 3342 lleyn.
1145 3267 1268 3321 Herculis
1279 3279 1385 3330 sutem,

300 3353 416 3422 fulgente
425 3352 529 3402 socratis
542 3351 634 3417 igetius
649 3353 729 3412 OEta,
739 3356 866 3421 Ingentem
878 3350 987 3402 animam
1002 3371 1106 3418 rapuere
1118 3355 1156 3402 od
1163 3353 1381 3420 siderufhmmoe,

305 3437 350 3487 Sil.
361 3436 419 3494 111.
435 3436 483 3496 43,
498 3439 545 3496 44,
559 3433 607 3484 ubi
618 3432 673 3485 vid.
690 3449 745 3485 nor.
760 3434 837 3486 Coos.
850 3433 962 3488 Lucioni
972 3433 1167 3498 Hermotimus,
1183 3453 1205 3488 c.
1218 3452 1242 3504 7.
1254 3433 1331 3502 (poci
1340 3434 1383 3486 τὸν

306 3512 420 3589 Ηρικλία
439 3519 462 3570 ἰν
480 3523 510 3586 τῇ
531 3517 590 3585 Οἴτῃ
608 3519 792 3568 κατακαυθέντα
806 3516 858 3568 Θεὸν
870 3519 988 3588 γινέσθαι·
1001 3518 1044 3571 noi
1058 3519 1106 3592 γὰρ
1125 3521 1226 3581 ἐκεῖνος,
1246 3515 1383 3570 decimo*

306 3603 391 3654 ὁπόσον
406 3602 549 3672 ἀνθρώπινον
561 3595 610 3668 εἶχε
623 3600 692 3672 παρὰ
703 3607 744 3660 τῆς
761 3601 848 3670 μητρὸς
863 3600 905 3652 nol
922 3603 1025 3673 καθαρόν
1037 3623 1063 3655 τι
1077 3602 1120 3655 καὶ
1130 3603 1250 3674 ἀκήρατον
1261 3605 1339 3673 φέρων
1352 3605 1382 3655 τὸ

307 3687 367 3738 θεῖον
381 3681 535 3756 διιυκρινηθὲν
549 3684 595 3734 uei
608 3689 649 3735 roi
663 3684 749 3753 πυρὸς,
762 3683 882 3736 ἀνέπτατο
894 3686 917 3744 l<
930 3685 983 3745 τοὺς
996 3689 1089 3758 licie.)

340 3831 408 3880 Vsu.
427 3831 470 3887 64.
489 3831 538 3878 Pto
547 3840 640 3877 ornato
647 3828 767 3878 Schrader
775 3830 961 3894 cunipertum,
972 3832 1062 3882 Jacobs
1071 3850 1187 3896 conara,
1198 3833 1247 3882 hoc
1258 3843 1309 3896 est,
1320 3843 1378 3882 sto·

726 3985 958 4006 mmmm

343 4123 352 4150 ¹
372 4117 431 4166 Vid.
444 4117 524 4184 intpp.
540 4117 695 4181 rhem-w,
710 4131 756 4183 nl,
772 4122 851 4188 15,et
863 4122 1007 4173 Hotoman
1020 4123 1073 4176 Cic.
1086 4125 1159 4173 liuto.
1170 4125 1241 4174 eom.
1250 4142 1275 4188 9.
