2992 4984
354 369 418 457 370
627 369 1148 435 n.run111uvsnan1s

353 483 511 569 Alcinoo,
531 482 632 552 bilem
646 499 704 552 aut
720 485 825 554 risum
840 483 978 554 fortasse
991 485 1191 577 quibusdam
1375 495 1402 544 1⁵

333 627 335 634 ·
354 597 525 681 Moverat,
540 610 579 663 ut
592 594 734 664 mendax
747 593 945 689 aretalogus.
966 597 1034 662 «In
1050 618 1143 662 mare
1157 615 1254 661 nemo

352 709 453 774 Hunc
467 705 583 791 abicit,
602 727 688 773 saeva
700 705 841 798 dignum
855 729 998 798 veraque
1012 697 1200 797 Charybdi,

352 815 551 909 Fingentem
566 815 728 882 immanes
741 817 973 908 Lestrygonas
991 828 1090 909 atque
1103 809 1286 906 Cyclopas?

353 927 441 996 Nam
455 925 551 995 citius
566 922 726 1019 Scyllam,
746 922 798 995 vel
812 924 1048 994 concurrentia
1061 947 1137 991 saxa

351 1040 517 1130 Cyaneas,
533 1032 649 1128 plenos
663 1049 697 1102 et
712 1033 960 1128 tempestatibus
974 1046 1066 1101 utres
1376 1064 1406 1095 ω

353 1144 578 1230 Crediderim,
595 1159 653 1212 aut
665 1145 758 1212 tenui
774 1167 967 1237 percussum
983 1143 1123 1210 verbere
1141 1142 1270 1226 Circes,
1289 1127 1292 1134 ¹

353 1259 488 1325 Etcum
507 1255 688 1348 remigibus
704 1254 881 1348 grunnisse
897 1251 1065 1346 Elpenora
1081 1250 1203 1346 porcis.

353 1369 436 1436 Tam
451 1366 549 1434 vacui
565 1365 682 1460 capitis
696 1361 859 1458 populum
874 1363 1011 1431 Phaeaca
1025 1361 1203 1457 putavitln

353 1475 409 1548 Sic
422 1475 542 1568 aliquis
557 1475 678 1544 merito
694 1473 846 1543 nondum
857 1473 983 1558 ebrius,
1003 1486 1038 1539 et
1051 1471 1226 1540 minimum
1240 1471 1294 1563 qui

354 1587 404 1655 De
422 1589 598 1679 Corcyraea
613 1599 773 1654 temetum
791 1582 932 1652 duxerat
947 1607 1056 1650 urna:
1384 1595 1411 1643 25

353 1695 452 1766 Solus
464 1696 553 1765 enim
567 1692 634 1763 hoc
651 1695 787 1763 Ithacus
804 1690 897 1761 nullo
914 1693 975 1759 sub
990 1705 1072 1759 teste
1087 1687 1236 1757 canebat.

405 1807 476 1874 Nos
491 1803 645 1872 miranda
658 1802 812 1897 quidem,
828 1801 886 1870 sed
903 1825 1013 1896 nuper
1026 1797 1162 1866 consule
1175 1799 1278 1866 lunio

357 1915 460 1982 Gesta
476 1937 578 2008 super
594 1911 707 1981 calidae
726 1911 909 1980 referemus
925 1907 1048 1977 moenia
1061 1908 1181 2002 Copti;

355 2024 428 2092 Nos
443 2019 536 2118 vulgi
554 2019 676 2108 scelus,
697 2036 730 2090 et
744 2021 874 2090 cunctis
888 2019 1041 2114 graviora
1055 2017 1240 2086 cothurnis.
1389 2053 1417 2098 29

357 2131 444 2200 Nam
456 2128 561 2200 scelus
574 2155 593 2198 a
606 2131 753 2224 Pyrrha,
770 2154 971 2223 quamquam
987 2128 1100 2196 omnia
1114 2143 1259 2222 syrmata
1270 2125 1396 2212 volvas,

358 2413 374 2450 e
388 2391 518 2450 convivis
529 2391 620 2467 aliqui
634 2401 684 2448 aut
696 2390 854 2464 irriserint,
871 2402 921 2448 aut
931 2391 1016 2448 etiam
1027 2387 1197 2446 stomachati
1206 2387 1278 2458 sint,
1292 2398 1376 2464 atque
1390 2397 1419 2444 nt

358 2486 457 2560 inepto
475 2484 643 2542 circulatori
659 2485 882 2542 succensuerint.
907 2485 1037 2540 Nemone
1055 2483 1132 2538 hunc
1150 2481 1358 2550 fabulatorem,
1379 2481 1419 2536 in-

359 2576 512 2650 quiebant,
526 2576 558 2631 in
570 2593 649 2631 mare
664 2574 801 2649 projicit?
816 2576 927 2652 Dignus
940 2588 983 2633 est
992 2575 1124 2651 prolecto
1136 2573 1187 2650 qui
1204 2573 1419 2650 demergaturin

359 2685 457 2723 veram
472 2665 666 2743 Charybdim,
680 2683 741 2721 non
754 2663 861 2736 fictam,
877 2669 991 2743 qualem
1006 2667 1090 2723 nobis
1106 2667 1272 2740 descripsit,
1290 2685 1378 2740 qnmn
1386 2665 1419 2720 de

360 2757 585 2835 Laestrlgonibus
595 2768 625 2814 et
636 2757 811 2833 Cyclopibus
822 2769 880 2814 tam
889 2757 1085 2825 incredibilia,
1097 2771 1156 2814 tarn
1166 2757 1293 2815 crudelia
1302 2757 1420 2814 facinora

360 2851 444 2908 nobis
459 2848 592 2906 affirmet.
605 2847 727 2905 Facilius
740 2848 816 2905 enim
835 2849 906 2905 mihi
916 2849 1106 2925 persuaserim
1126 2869 1190 2925 qnae
1206 2850 1243 2906 de
1258 2851 1370 2926 Scylla,
1387 2849 1421 2906 de

362 2942 483 3018 Cyaneis
491 2941 634 3016 scopulis,
647 2939 725 2998 inter
733 2942 872 2998 recollidi
883 2941 988 3012 solitis,
1002 2942 1039 2998 de
1050 2942 1268 3016 tempestatibus
1278 2941 1308 2997 iu
1318 2959 1420 2998 saccum
1488 2937 1489 2940 ’

362 3032 489 3100 inclusis,
500 3033 537 3090 de
547 3035 691 3107 Elpenore
702 3051 718 3088 a
728 3035 812 3090 Circe
820 3035 903 3111 virga
913 3034 1016 3092 leviter
1025 3034 1188 3105 verberato,
1198 3045 1300 3091 etcum
1313 3035 1422 3110 remigi-

362 3127 418 3184 bus
431 3125 486 3198 jam
494 3143 612 3201 quoque
624 3127 847 3202 grunnientibns
861 3127 891 3181 in
903 3145 1025 3201 porcum
1035 3136 1159 3197 mutato,
1170 3137 1285 3194 narrat,
1302 3126 1423 3202 quamde

364 3216 531 3274 hominibus
541 3216 679 3273 humanas
694 3236 793 3274 carnes
806 3217 1024 3276 devorantibns.
1036 3221 1083 3274 An
1095 3219 1223 3274 Phaeacas
1237 3230 1295 3273 tam
1310 3219 1423 3275 stolidos

365 3328 425 3368 esse
436 3307 591 3382 judicavit,
602 3317 636 3364 ut
644 3309 700 3366 hoc
709 3309 765 3366 sibi
772 3307 926 3366 affirmanti
935 3308 1106 3366 crederent?
1116 3309 1159 3365 Ita
1170 3308 1253 3384 loqui
1265 3310 1423 3386 meritopo-
1487 3375 1488 3378 Ἴ

366 3401 1422 3480 tuissetaliquisconvivarum,nondumebrius,quiminimamadhncvini
1487 3393 1488 3400 ἵ

366 3493 454 3572 patrii
462 3493 575 3568 copiam
582 3495 723 3552 bansaat.
734 3495 849 3571 Quippe
859 3497 976 3572 Ulysses
987 3515 1019 3553 ea
1026 3498 1107 3554 nullo
1115 3507 1268 3554 attestante
1278 3501 1423 3556 amrehat.

408 3605 455 3658 a7.
475 3587 537 3644 Nos
558 3586 664 3644 mirum
677 3586 795 3661 qrrid'em
809 3587 917 3644 faemos
931 3588 1078 3646 narramri
1096 3607 1208 3660 suman,
1222 3591 1274 3646 sed
1293 3592 1324 3648 in
1339 3593 1423 3650 inedia

367 3681 493 3754 AEgypto
509 3693 601 3754 prope
613 3679 739 3754 Coptum
749 3678 827 3735 hand
839 3679 879 3735 ita
889 3679 1020 3754 pridem,
1029 3678 1120 3736 Junio
1131 3679 1238 3738 Sabino
1250 3683 1349 3739 Rome
1359 3703 1423 3740 cen-

368 3769 490 3825 snlatnm
503 3780 636 3844 gerente,
649 3780 862 3845 perpetratum
877 3771 966 3828 totius
979 3771 1131 3846 cujusdam
1143 3773 1374 3847 populicum,
1386 3787 1424 3832 st-

368 3877 425 3935 que
438 3858 511 3917 adeo
526 3877 629 3918 eorum
643 3861 773 3919 omnium
784 3882 850 3938 qnae
869 3862 901 3920 in
918 3862 1065 3940 tragoediis
1080 3861 1255 3922 edribentur
1268 3868 1425 3942 gravitatem

368 3967 524 4023 superam
544 3951 706 4026 siquidem,
730 3953 784 4010 etsi
802 3971 902 4012 omnes
925 3954 1095 4032 mgoedia,
1121 3973 1185 4031 qne
1205 3969 1272 4032 post
1287 3959 1423 4016 homlnmn

368 4059 457 4118 genus
477 4062 493 4098 a
517 4045 700 4102 Deucalionis
725 4045 836 4104 diluvio
859 4057 959 4103 natum
979 4048 1148 4123 mnseripte
1172 4060 1258 4120 sunt,
1285 4053 1423 4118 scruteris,

368 4134 479 4191 nullum
492 4135 583 4192 scelus
596 4135 634 4190 ab
648 4147 710 4194 toto
723 4139 834 4213 populo
849 4139 1044 4200 communiter
1055 4140 1210 4200 admissum
1226 4143 1359 4202 invenies.
1373 4127 1424 4201 Te-
