3030 4984
334 391 394 455 ιιι
485 381 655 461 'vista
677 397 969 462 ancatortas
991 383 1055 462 ιιι
1078 387 1225 466 noas

329 503 383 558 Sat.
395 519 487 561 nostra
500 509 651 580 passimque
663 507 791 562 describit
805 521 832 561 et
844 509 1007 580 perstringit.
1023 511 1112 576 Quam
1131 513 1248 566 solennis
1264 531 1328 566 vero
1344 514 1397 567 ille

221 607 224 622 ι
328 605 386 639 mos
398 589 491 654 faerit,
507 592 563 661 jam
578 610 611 643 ex
629 609 662 643 eo
680 591 845 662 intelligitur,
858 590 932 663 quod
945 593 1068 646 Macrob.
1083 594 1135 646 loc.
1150 593 1223 648 laud.
1238 593 1336 660 tradit,
1355 614 1396 648 ne

327 670 503 743 philosophos
513 671 622 744 quidem
632 672 761 736 defuisse,
778 676 825 746 qai
837 674 961 746 psaltrias
973 675 999 728 in
1012 677 1134 730 convitia
1148 677 1291 731 intromitti
1303 681 1396 748 jusse-

325 750 389 804 rint.
402 752 480 807 Cani.
492 767 518 808 et
527 755 596 808 Gell.
609 756 691 820 xix,
702 774 727 826 9.
739 787 774 799 -
785 763 816 808 {le
824 760 950 810 Gadium
956 759 1045 831 puella
1058 763 1159 827 incipiat
1166 764 1269 827 praeire,
1280 761 1395 812 mollem

326 833 507 909 lascivamque
524 839 645 910 corporis
658 853 761 893 motum
778 839 871 906 edere,
891 842 918 894 in
936 862 1028 894 canoro
1040 843 1125 908 closo,
1139 843 1167 894 in
1188 843 1271 896 charo
1290 843 1395 894 saltan-

327 917 394 970 tium
407 923 612 994 canentinmqne
631 922 795 994 puellarum
815 924 867 976 nisi
884 943 990 976 emarus
1010 927 1096 976 ciana
1117 937 1156 978 est
1175 925 1264 996 potius
1282 924 1396 978 saltatio

327 1018 388 1054 cum
399 1016 480 1056 cantu
487 1007 596 1075 juncta
611 1017 641 1057 ut
652 1008 756 1056 lascivas
765 1009 850 1058 claras
860 1006 934 1078 apud
944 1008 1046 1061 Tibull.
1058 1008 1098 1071 ll
1113 1027 1135 1072 ι,
1146 1008 1394 1075 88.¹-Pmtaeae,

326 1083 442 1138 laudate
453 1100 480 1140 et
492 1088 607 1142 incitate
616 1091 707 1156 plausa
720 1091 949 1154 accumbentium,
962 1091 1145 1144 convivarum.

362 1181 433 1233 Nos.
454 1187 512 1262 164.
531 1187 675 1236 Adtersam
688 1186 849 1244 descendant.
865 1199 963 1240 tetram
974 1185 1103 1258 pedibus,
1115 1187 1188 1239 alte
1178 1187 1273 1258 Jactts
1285 1185 1330 1238 vel
1339 1187 1396 1238 sal

327 1261 398 1316 tibus
411 1255 590 1338 tripudiisque
604 1265 737 1320 indecoris
742 1268 885 1348 ,pulseut;
903 1272 1005 1321 tumulo
1020 1274 1105 1334 eluse,
1119 1269 1216 1322 lumbis
1227 1268 1395 1340 artubusque

326 1343 425 1401 lascive
437 1349 516 1402 motis
527 1361 552 1402 et
564 1348 708 1402 ιίιιιιιιίι.Ι

361 1445 937 1511 Nor.165.Qateomaiasuutsmtassssta
951 1451 1063 1514 Veseris,
1074 1460 1126 1501 etc.
1139 1447 1217 1500 cont.
1228 1446 1393 1554 pausada.

330 1530 428 1582 168.—
442 1535 544 1592 Urticoer
559 1529 614 1586 sid.
625 1529 713 1592 adil,
728 1531 786 1589 aab.

360 1691 428 1739 Vsu.
450 1690 507 1740 166.
525 1689 558 1737 Ει
568 1687 655 1755 major,
668 1705 707 1739 aa.
720 1718 755 1728 -
765 1689 841 1755 Ipsa,
858 1693 896 1751 18,
909 1707 951 1754 ²7,
965 1691 1077 1750 ⁴640,
1086 1691 1132 1749 54,
1142 1692 1185 1750 58,
1196 1692 1238 1748 64.

360 1785 429 1836 Nor.
452 1788 509 1837 166.
529 1785 593 1838 llaec
611 1783 806 1838 Gaditanorum
824 1784 946 1838 crissatio
963 1786 1121 1856 saltstioqae
1134 1785 1229 1857 majori
1242 1784 1329 1838 afficit
1341 1804 1391 1838 sa·

325 1869 428 1938 luptate
448 1885 480 1920 ao
498 1867 612 1920 libidine
630 1873 743 1928 alterum,
761 1868 919 1932 fammeam,
935 1889 1038 1929 sexam
1055 1867 1128 1938 (vid
1142 1867 1178 1922 ad
1190 1869 1247 1929 Vt,
1261 1868 1320 1932 ι54.
1331 1871 1342 1937 )
1355 1897 1393 1911 -

325 1955 408 2023 Magis
422 1953 463 2006 tlte
477 1967 554 2008 sexus
567 1958 710 2006 utendienr
721 1953 757 2006 ad
766 1955 897 2008 Venerem
913 1955 971 2023 (ita
981 1967 1034 2008 vet.
1044 1955 1137 2008 Scbol.
1149 1953 1307 2025 ),eriqitur,
1319 1955 1395 2008 exci-

326 2047 397 2090 tstar
409 2035 444 2090 ad
454 2036 612 2103 libidinem,
627 2039 668 2090 vel
680 2039 769 2109 potius
781 2036 928 2090 intenditur
940 2039 950 2106 (
960 2041 1050 2090 lommt
1061 2041 1086 2089 is
1099 2041 1254 2106 Sponsum
1268 2039 1394 2106 nabar.)

325 2134 348 2172 et
357 2141 416 2172 mas
427 2123 498 2172 atissa
507 2137 626 2184 mosem,
636 2127 736 2175 anneus
744 2138 820 2189 atque
828 2125 904 2174 oculis
912 2137 1041 2190 conceptu,
1049 2122 1161 2186 honest,
1171 2122 1292 2176 irritam
1300 2141 1394 2174 semen
1504 2147 1505 2152 ¹

325 2204 455 2275 genitale,
469 2203 581 2259 libidine
594 2206 709 2259 excitata
728 2204 821 2258 audita
836 2205 974 2260 cantilenas
986 2219 1014 2260 et
1030 2206 1090 2259 visa
1105 2206 1253 2259 saltationis
1266 2206 1392 2258 tenena:

325 2300 355 2340 ut
366 2289 416 2349 Vl,
428 2289 461 2340 63
475 2307 530 2361 seq.
542 2302 569 2343 et
579 2289 697 2342 Martial.
708 2289 784 2350 xtv,
796 2289 856 2342 203,
868 2288 881 2326 ³
899 2320 934 2330 -
943 2289 1001 2341 Atio
1012 2308 1091 2343 sensu
1099 2307 1190 2342 versas
1205 2289 1302 2340 rsa-8
1316 2288 1392 2358 oepit

262 2379 263 2382 ’
324 2371 485 2434 llenainius,
504 2373 580 2444 cujas
593 2384 658 2426 uota
675 2383 732 2424 est:
747 2369 880 2424 -Videtar
898 2384 978 2444 poeta
990 2384 1098 2443 tangere
1109 2389 1210 2424 morem
1222 2370 1390 2431 beatiorum,

268 2506 272 2518 ,
325 2455 397 2551 qai.
385 2454 539 2508 scitissimss
552 2455 690 2526 utriusque
699 2474 775 2508 sexus
785 2456 894 2508 alebant
906 2453 1035 2508 delicias
1027 2473 1055 2506 an
1069 2455 1199 2506 Venerem
1212 2453 1324 2516 fractas,
1335 2471 1394 2506 eas·

324 2634 355 2676 at
367 2622 521 2676 suavissime
532 2627 670 2685 canerent,
681 2622 786 2693 aliaque
797 2622 936 2676 libidinis'
929 2622 1061 2676 incentiva
1073 2634 1191 2686 nossem,
1204 2633 1234 2674 at
1244 2633 1350 2674 constat
1361 2639 1394 2675 ex
1504 2647 1505 2654 ι

326 2705 395 2758 Geli.
406 2705 488 2768 XIX,
505 2723 530 2772 9,
546 2702 599 2757 Sed
612 2719 704 2763 tamen,
718 2705 756 2756 ait
768 2707 866 2758 Noster
879 2718 907 2758 et
921 2705 1088 2776 indignatur,
1103 2707 1232 2777 majorem
1248 2704 1294 2756 isti
1310 2707 1395 2758 Joses
1504 2749 1505 2752 ι

324 2788 489 2858 voluptatem
500 2787 611 2858 capiunt
625 2805 657 2840 ex
669 2787 872 2858 Ganymedibus
887 2789 941 2866 suis
954 2801 981 2840 et
993 2788 1122 2861 Bathyllis
1134 2807 1280 2859 eorumque
1290 2795 1394 2860 repsisti

326 2870 501 2940 salisqosiqa
519 2868 654 2923 lleuninio
666 2867 866 2940 adstipulantur
883 2873 997 2922 Dusaulx
1013 2884 1040 2924 et
1055 2873 1203 2934 Actaeon,
1215 2870 1262 2941 qui
1274 2870 1302 2922 h.
1317 2871 1336 2924 l.
1356 2871 1395 2924 its
1504 2873 1505 2926 i

325 2955 450 3028 exponit:
465 2954 601 3032 -bascivis
618 2953 806 3008 saltationibus
824 2966 850 3006 et
869 2955 1008 3008 cantilenis
1028 2952 1221 3006 Gaditanaram
1239 2954 1393 3025 puellarum
1504 3007 1505 3024 ,

325 3039 395 3112 aptis
416 3037 452 3092 ad
467 3039 598 3092 Venerem
618 3037 776 3090 irritandam
796 3049 876 3109 poeta
895 3036 1009 3108 opponit
1027 3036 1183 3093 saltationes
1199 3049 1227 3088 et
1245 3037 1394 3088 cantilenas
1504 3027 1505 3104 i

326 3224 420 3260 coram
430 3216 458 3257 et
468 3203 637 3275 pathicorum
651 3205 767 3274 aptiores
777 3217 805 3258 et
813 3203 986 3258 efficaciores.
994 3202 1209 3268 -Majostasssrs
1218 3203 1265 3252 ista
1275 3203 1394 3266 marom
1504 3190 1505 3218 ³

325 3307 399 3340 sextas
413 3289 524 3350 uberius,
537 3284 690 3346 masculini,
706 3286 769 3356 qaia
784 3285 812 3338 iu
825 3285 948 3338 formosis
962 3281 1177 3336 adolescentibus
1190 3281 1394 3354 Ganymedibus

325 3369 495 3442 reperiuntur
504 3366 640 3440 conjuncti
652 3365 806 3420 saltationes
815 3367 924 3420 lubricas
934 3379 962 3420 et
973 3377 1061 3420 motus
1073 3364 1182 3426 lascivi,
1195 3365 1304 3436 ejusque
1313 3383 1395 3418 sexus
1504 3431 1505 3438 ἵ

362 3679 372 3703 ¹
391 3669 503 3731 Plerique
517 3666 543 3716 h.
559 3666 608 3715 loe.
624 3663 721 3730 prurire
741 3663 833 3710 dictum
877 3661 1131 3724 admissurssddqne,
1145 3660 1256 3723 utmaqis
1267 3659 1393 3708 intuentes
1504 3648 1505 3726 l

324 3758 411 3813 putant
426 3761 489 3810 pro:
503 3746 625 3810 pruritans
639 3743 750 3791 libidinis
766 3741 833 3789 exei·
877 3741 992 3788 convivas
1011 3741 1120 3799 irritent,
1146 3738 1218 3786 elane
1240 3737 1346 3785 tsesnnlo
1366 3747 1392 3784 et

324 3841 388 3887 tare,
406 3825 497 3873 scilicet
512 3825 542 3872 in
558 3824 683 3882 convivia
700 3837 755 3886 qna
772 3822 838 3870 rstiu
878 3820 1004 3868 animante.
1227 3824 1231 3830 '

326 3907 412 3956 darios
434 3914 478 3952 est.
502 3903 592 3952 contar
615 3912 696 3950 tamen
720 3915 781 3950 aasz
803 3898 835 3947 ad
914 3893 1391 3959 &Cantatv1‚ssasq.sssrs;ca·
1419 3967 1422 3974 Ι

327 4003 362 4035 vs.
388 3985 445 4035 rot.
879 3977 948 4026 asub.
966 3977 998 4025 ad
1012 3979 1078 4026 Pers
1091 3979 1115 4036 l,
1129 3991 1231 4032 acm,
1245 3984 1270 4022 et
1285 3975 1388 4023 Lucisu.

363 4069 373 4095 ¹
392 4062 501 4112 Labiuus
514 4069 540 4108 et
552 4059 610 4106 alii:
621 4059 653 4108 ad
670 4071 761 4110 terram
776 4073 834 4122 pro·
878 4057 974 4119 Nigris.
984 4072 1006 4106 c.
1022 4057 1063 4116 ιδ,
1075 4058 1105 4106 16
1114 4057 1192 4123 (opp.
1204 4065 1262 4102 tour.
1272 4055 1301 4112 1,
1310 4069 1335 4117 p.
1347 4067 1386 4112 po,

327 4143 457 4202 cumbsut,
477 4139 547 4206 quasi
566 4139 598 4188 ad
615 4155 668 4190 sese
686 4149 835 4206 stupratores
879 4134 918 4184 etl
929 4133 1055 4198 Sabmid.)
