3074 4990
381 305 423 370 66
672 304 714 368 D.
736 301 866 366 JUNII
887 302 903 364 J
910 301 1147 368 UVENALIS

380 417 470 487 Felix
485 417 661 502 nimirum,
675 415 734 508 qui
746 427 797 483 tot
809 439 870 508 per
879 413 999 486 saecula
1013 431 1157 486 mortem
1527 499 1528 512 ἵ

380 528 534 612 Distulit,
550 541 650 621 atque
668 551 744 596 suos
756 525 825 617 jam
843 524 956 594 dextra
972 540 1143 619 computat
1159 551 1278 614 annos,
1527 515 1528 592 l

380 639 515 731 Quique
533 661 657 705 novum
675 636 773 704 toties
788 648 935 703 mustum
951 632 1050 704 bibit!
1069 637 1159 724 Oro,
1178 659 1360 731 parumper
1387 651 1436 702 250

379 745 555 832 Attendas,
573 759 736 838 quantum
754 743 796 812 de
812 741 939 837 legibus
955 744 1026 837 ipse
1042 761 1201 838 queratur

379 859 554 940 Fatorum,
574 869 607 922 et
621 854 725 922 nimio
738 851 779 921 de
793 852 931 920 stamine
942 903 951 936 ,
964 877 1069 946 quum
1086 854 1177 923 videt
1192 852 1278 924 acris

378 963 548 1032 Antilochi
564 961 701 1030 barbam
717 960 909 1046 ardentem;
928 985 1032 1052 quum
1048 964 1166 1056 quaerit
1178 963 1220 1054 ab
1234 963 1342 1049 omui,

379 1072 538 1165 Quisquis
551 1069 641 1138 adest
653 1069 776 1154 socius,
789 1093 850 1138 our
862 1069 934 1139 haec
946 1069 981 1136 in
997 1083 1151 1163 tempora
1161 1071 1272 1158 duret;

379 1181 481 1269 Quod
495 1180 631 1252 facinus,
640 1178 780 1273 dignum
795 1192 863 1248 tam
879 1177 981 1274 longo
995 1179 1164 1250 admiserit
1176 1181 1269 1251 aevo?
1393 1193 1442 1246 255

379 1291 461 1357 Haec
474 1287 590 1356 eadem
605 1285 739 1372 Peleus,
754 1301 887 1380 raptum
901 1313 1006 1380 quum
1020 1287 1113 1385 luget
1124 1288 1307 1376 Achillem3

378 1407 489 1492 Atque
506 1395 606 1482 alius,
629 1397 684 1466 cui
702 1395 751 1464 las
772 1395 927 1464 Ithacum
944 1395 1059 1490 lugere
1078 1413 1257 1468 natantem.

379 1505 546 1576 Incolumi
559 1505 645 1598 troja
659 1506 811 1577 Priamus
822 1506 966 1574 venisset
978 1507 1018 1576 ad
1031 1507 1166 1576 umbras

379 1614 530 1684 Assaraci
547 1614 676 1705 magnis
690 1611 899 1700 solennibus,
914 1615 1059 1682 Hectore
1072 1613 1172 1684 funus

379 1727 559 1810 Portante,
574 1746 613 1791 ac
632 1719 765 1814 reliquis
780 1719 924 1790 fratrum
938 1723 1142 1810 cervicibus,
1163 1724 1250 1792 iuter
1393 1741 1446 1790 ,σο

381 1830 524 1900 lliadum
539 1827 717 1924 lacrymas,
733 1843 772 1898 ut
784 1830 914 1923 primos
928 1829 1026 1902 edere
1041 1829 1194 1925 plauctus
1234 1887 1240 1898 .

380 1938 562 2010 Cassandra
577 1939 753 2030 inciperet,
766 1939 931 2032 scissaque
942 1937 1109 2033 Polyxena
1122 1937 1225 2033 palla,

382 2050 416 2117 Si
435 2049 524 2116 foret
542 2047 726 2116 exstinctus
743 2046 876 2116 diverso
893 2063 1062 2138 tempore,
1076 2073 1145 2139 quo
1158 2073 1228 2117 non

382 2163 539 2252 Coeperat
557 2156 697 2225 audaces
716 2156 808 2225 Paris
828 2155 990 2226 adificare
1008 2158 1146 2226 carinas.

382 2269 501 2361 Longa
516 2263 585 2332 dies
601 2265 701 2358 igitur
713 2263 795 2357 quid
811 2261 973 2334 contulit?
984 2263 1099 2331 omnia
1114 2262 1198 2330 vidit
1393 2278 1447 2330 265

385 2455 494 2514 tamdiu
504 2458 592 2513 vitam
607 2456 822 2532 prorogaverit,
831 2455 947 2528 jamque
965 2455 1067 2512 dextra
1082 2465 1181 2511 utatur
1193 2471 1280 2509 mann
1294 2455 1331 2510 ad
1344 2473 1452 2513 nume-

385 2549 503 2606 randam
517 2558 643 2615 atatem,
657 2567 689 2603 nc
700 2547 785 2603 toties
797 2546 897 2602 vinum
908 2563 1007 2602 recens
1017 2548 1200 2620 humumque
1213 2557 1303 2620 potet.
1320 2548 1451 2621 Verum,

385 2642 498 2710 amabo,
508 2637 638 2713 expende
648 2657 734 2712 qnam
748 2638 874 2714 graviter
885 2637 946 2711 ipse
957 2635 993 2693 de
1004 2637 1128 2693 latorum
1138 2639 1260 2695 decretis
1271 2641 1450 2712 expostulet,

385 2744 419 2790 ut
432 2733 499 2788 uitae
508 2728 649 2804 longioris
661 2727 742 2786 filum
753 2740 879 2798 accuset,
891 2748 981 2804 quum
993 2730 1038 2786 sui
1047 2730 1207 2800 Antilochi,
1215 2731 1274 2805 jam
1286 2731 1453 2806 grandioris

386 2837 416 2882 ct
430 2822 546 2880 barbati
562 2821 686 2878 cadaver
704 2821 869 2894 impositum
886 2840 960 2897 rogo
978 2823 1099 2880 cremari
1115 2823 1214 2880 cernit.
1231 2825 1303 2880 Nam
1321 2823 1453 2900 singulos

364 2905 374 2925 ⁸
387 2915 512 2984 sodales,
524 2913 699 2987 quicumque
712 2913 841 2981 adstant,
855 2912 1032 2990 interrogat,
1048 2931 1102 2971 cur
1118 2913 1157 2970 nd
1170 2915 1243 2970 illud
1255 2935 1345 2970 aevum
1359 2935 1453 2992 nsque

387 3005 590 3081 permanserit,
610 3015 639 3060 et
655 3005 736 3078 quod
754 3004 865 3061 lacinus
879 3004 1042 3074 admiserit,
1059 3005 1107 3062 cui
1126 3025 1209 3080 poena
1228 3017 1286 3061 tarn
1303 3005 1453 3064 diuturna

388 3099 455 3153 vitae
472 3096 575 3152 merito
595 3096 633 3152 sit
645 3095 789 3172 irrogata?
805 3096 912 3152 Eadem
928 3099 1027 3153 Peleus
1046 3097 1187 3172 queritur,
1202 3117 1290 3172 quum
1307 3099 1454 3156 Achillem

390 3187 482 3244 lilium
503 3186 606 3244 acerba
622 3192 716 3244 morte
736 3188 789 3244 sibi
810 3200 940 3262 ereptum
956 3189 1105 3263 deplorat3
1124 3201 1235 3244 necnon
1255 3191 1383 3259 laertes,
1403 3192 1457 3247 cni

389 3289 519 3337 senectam
530 3280 617 3354 longo
633 3278 742 3336 idcirco
756 3280 872 3336 videtur
886 3280 1053 3355 contigisse,
1069 3292 1102 3336 nt
1116 3283 1246 3356 Ulyssem
1259 3281 1346 3337 variis
1356 3284 1455 3358 pelagi

390 3374 538 3430 erroribus
543 3372 681 3446 jactatum
688 3372 924 3449 dintinslugeret.
932 3373 1098 3429 SiPriaruus
1105 3372 1220 3430 obiisset
1227 3372 1348 3429 florente
1355 3374 1455 3430 adbuc

390 3466 496 3539 Troja,
510 3465 567 3520 alio
580 3474 723 3537 tempore,
743 3483 802 3538 quo
818 3465 896 3520 Paris
911 3465 943 3519 in
958 3465 1096 3520 Graeciam
1111 3465 1307 3540 prosecnrrus,
1323 3477 1352 3522 et
1365 3467 1458 3523 Hele-

363 3625 366 3628 ·
390 3577 456 3613 nem
466 3555 566 3612 audaci
576 3566 710 3630 rapturus
720 3555 908 3629 scelere‚jam
917 3557 1031 3612 classem
1041 3557 1211 3624 adornabat,
1223 3558 1353 3632 profecto
1362 3559 1456 3614 elatus

389 3649 491 3705 fuisset
499 3667 604 3724 magno
616 3658 769 3724 apparatu,
781 3661 811 3704 et
822 3649 860 3704 ad
872 3649 1000 3705 Assaraci
1010 3667 1107 3705 manes
1117 3644 1230 3724 placide
1243 3649 1455 3718 descendisset,

391 3741 588 3796 Hectorecum
599 3739 737 3796 fratribus
746 3741 910 3816 impositum
922 3741 1048 3797 humeris
1055 3741 1178 3798 cadaver
1187 3741 1373 3818 gestantibus,
1382 3741 1457 3797 Tro·

390 3830 465 3904 jonis
478 3831 619 3887 matronis
628 3833 706 3888 luctu
718 3831 846 3907 fletuque
860 3833 947 3889 funin
961 3832 1214 3908 prosequentibus;
1225 3833 1381 3889 Cassandra
1391 3831 1457 3906 pri·

391 3939 454 3978 mos
468 3921 600 3996 planctus
613 3922 779 3996 inchoante3
791 3927 934 4002 Polyxena
948 3925 1069 3982 discissis
1084 3925 1210 3980 vestibus
1224 3925 1339 3980 eosdem
1353 3923 1456 3980 incen-

394 4011 490 4070 dente.
509 4013 589 4084 Quid
604 4013 693 4090 igitur
710 4018 857 4074 Priamum
877 4018 934 4074 vita
955 4018 1071 4094 longior
1088 4016 1193 4088 juvitl.
1205 4015 1264 4072 nisi
1279 4027 1312 4072 ut
1332 4015 1455 4092 patriam
