3074 4990
402 353 710 444 rn'srrrnsn
731 371 925 440 nonan.
1159 375 1196 442 ιι

133 503 188 556 pag.
206 490 269 557 671.
289 487 429 555 Quidam,
447 489 539 543 nescio
560 506 614 560 qua
632 487 792 542 anctoritate
808 506 840 542 sc
859 487 925 549 tide,
944 497 1038 539 nostro
1057 485 1201 560 Crepereio

133 567 219 623 dicunt
227 589 378 642 cognomen
390 573 471 628 fnisse
483 577 604 636 Pollioni,
616 575 695 645 cujus
708 572 814 626 luxuria
827 573 897 626 intra
911 572 965 637 xl,
976 571 1024 638 43,
1036 582 1154 625 notatur.

163 669 232 722 Nor.
252 688 277 739 7.
298 657 436 735 irascare,
449 669 582 744 pendere,
595 673 716 737 triplicem
732 690 846 736 resarum,
860 669 943 745 triplo
956 674 1099 743 majorem,
1117 689 1197 743 quam

133 769 186 822 qua
196 753 304 824 legibus
317 755 448 826 permissa
458 768 485 809 et
498 774 549 807 usn
559 767 667 826 recepta
679 767 729 806 est.
740 753 794 806 Eu.

162 847 230 902 Non.
252 849 279 902 8.
297 855 402 915 Fauor,
416 851 526 918 stultos,
537 851 583 924 qui
593 850 736 923 pecuniam
745 849 769 902 ei
780 846 920 926 crederent
930 867 984 901 non
995 847 1144 903 reddituro.

159 1019 227 1066 Vn.
246 1035 273 1083 9.
292 1020 362 1067 Unde
384 1033 481 1082 repente
502 1023 547 1069 Tot
561 1036 635 1086 ragat
651 1019 784 1084 elegantius
801 1029 826 1068 ct
842 1018 910 1067 haud
927 1017 1003 1066 dubie
1021 1029 1102 1076 recte,
1115 1019 1198 1080 judice
1289 1069 1291 1072 .

130 1101 212 1149 Heius.
223 1101 255 1149 ad
264 1103 341 1152 Ovid.
352 1104 411 1152 Her.
420 1105 465 1168 Ep.
477 1107 545 1168 xlt,
557 1103 604 1164 84,
614 1101 658 1150 ubi
667 1101 738 1156 huuc
748 1102 868 1166 loquendi
879 1101 982 1150 modam
991 1100 1104 1166 pluribus
1115 1120 1198 1152 exem·

133 1183 176 1248 ptis
189 1183 305 1232 firmavit.

163 1279 233 1331 Nos.
252 1296 279 1346 9.
298 1283 374 1348 ltugoe
383 1290 439 1332 tam
450 1276 486 1330 ad
498 1278 634 1332 tristitiam
643 1276 737 1330 referri
748 1259 876 1350 possunt,
886 1275 1013 1348 quemad
1023 1289 1200 1345 senectutem,

131 1372 239 1430 propter
249 1361 388 1432 impurum
402 1360 463 1414 vitae
477 1380 561 1432 genua
575 1361 650 1414 ocius
665 1363 849 1434 obrepentem.
863 1359 935 1415 Vide
951 1359 986 1414 ad
997 1380 1036 1414 vs.
1054 1381 1085 1426 a,
1101 1365 1133 1414 16
1145 1381 1199 1436 seq.

132 1452 156 1493 et
168 1459 226 1510 ¹²9·
238 1473 273 1482 -
288 1445 400 1506 Modico,
411 1443 507 1513 exigua
517 1462 561 1506 re,
573 1440 687 1496 modicis
696 1443 804 1514 opibus.

162 1539 231 1590 Nor.
254 1557 295 1592 ιο.
315 1544 413 1608 Agebas
423 1543 544 1608 equitem,
553 1539 606 1592 hoc
620 1551 673 1602 est,
685 1540 784 1610 egebas
796 1550 886 1611 partes
898 1537 989 1591 divitis
1000 1537 1131 1604 hominis,
1142 1544 1201 1614 ejus

130 1639 269 1692 personam
280 1622 396 1683 ferebas,
407 1641 528 1685 vernam,
541 1641 625 1692 quum
636 1634 725 1674 tamen
734 1639 818 1674 verna
827 1639 906 1674 esses.
923 1621 966 1672 Ita
977 1620 1061 1690 vulgo
1070 1621 1201 1694 interpre-

130 1716 232 1756 tantur:
248 1703 296 1758 scd
314 1715 372 1757 tum
390 1725 474 1756 verna
492 1704 675 1759 scribendum.
694 1711 778 1756 Vema
797 1701 879 1757 etiam
898 1701 1031 1774 adjective
1045 1702 1156 1770 dicitur,
1173 1720 1204 1761 ιιι

129 1792 248 1852 vernela,
259 1801 286 1843 et
298 1790 424 1842 hocloco
435 1808 489 1842 non
501 1789 536 1842 ad
544 1791 669 1844 servilem
676 1803 781 1844 tanturn
789 1791 814 1842 N
817 1789 894 1842 aevol'r
904 1786 1099 1852 conditionem,
1109 1790 1156 1844 sed
1166 1793 1203 1846 sd

131 1869 267 1923 scurrilem
281 1890 390 1943 quoque
404 1871 576 1926 dicacitatem
589 1872 685 1926 referri
698 1883 786 1946 potest
799 1889 805 1924 :
818 1889 881 1922 nam
891 1888 992 1933 vernas,
1006 1870 1060 1924 hoo
1069 1885 1121 1938 est,
1132 1875 1202 1928 servi

132 1973 162 2006 ex
171 1953 276 2008 ancillis
287 1954 443 2020 dominati,
455 1975 471 2008 ι
483 1953 599 2009 dominis
611 1957 703 2010 mitius
716 1955 811 2008 ceteris
823 1954 1017 2018 tractabantur,
1027 1967 1053 2007 et
1066 1967 1123 2008 tum
1133 1957 1203 2012 face·

134 2038 226 2104 tiores,
240 2051 296 2091 tum
305 2040 476 2111 procaciores
485 2059 541 2094 esse
555 2041 692 2106 solebant;
704 2037 777 2092 unde
785 2041 884 2089 vernile
895 2041 996 2103 dictam,
1009 2042 1119 2091 vcmiles
1132 2044 1204 2092 blan·

133 2124 213 2186 drab,
226 2126 369 2186 nemilitas,
383 2127 521 2187 verniliter,
531 2128 641 2175 vernula
655 2127 793 2176 urbanitas.
808 2121 908 2175 Confer
917 2123 999 2176 verba
1011 2124 1164 2195 sequentia,
1177 2139 1206 2180 et

133 2205 166 2258 de
176 2208 289 2260 Navolo
300 2207 406 2278 equite,
419 2207 441 2260 si
452 2205 523 2261 idem
533 2219 586 2269 est,
604 2207 724 2262 Martial.
740 2207 799 2266 111,
816 2205 865 2273 95,
881 2225 922 2258 ιο.
941 2205 994 2260 Sed
1004 2209 1067 2279 quia
1077 2210 1204 2263 Nevolus

132 2301 218 2342 noster
235 2307 341 2362 pauper
359 2290 411 2343 luit
428 2289 500 2361 (vid.
518 2311 557 2344 vs.
579 2291 628 2344 135
646 2293 731 2362 seq.),
742 2290 812 2342 alias
830 2288 937 2342 videtur
954 2289 1035 2345 fuisse
1054 2293 1121 2360 (niai
1138 2293 1205 2346 olim

133 2391 190 2424 ram
203 2371 318 2426 divitem
331 2373 414 2430 inisse
427 2378 560 2444 censeas),
577 2387 604 2428 et
621 2375 712 2427 forsan
725 2391 808 2424 verna
820 2391 901 2441 eques,
912 2373 966 2426 hoc
978 2374 1053 2438 loco,
1064 2390 1105 2429 est
1113 2378 1203 2449 potins

133 2453 201 2508 filius
210 2457 322 2528 equitis,
335 2476 351 2510 e
362 2477 438 2512 serva
452 2459 570 2530 genitus,
584 2471 614 2512 ut
623 2456 697 2530 apud
706 2457 824 2511 Martini.
835 2459 863 2522 I,
877 2457 931 2510 85:

347 2557 453 2602 Uxorem
464 2557 596 2602 habendam
606 2571 653 2601 non
663 2563 731 2616 putat
743 2555 885 2612 Quirinalis,

348 2629 427 2685 Quum
440 2630 491 2674 volt
500 2630 588 2676 habere
598 2629 672 2682 lilios,
682 2639 705 2674 et
714 2627 820 2681 invenit.

348 2703 403 2760 Quo
417 2703 492 2766 possit
503 2704 568 2749 istud
579 2717 659 2749 more:
670 2701 741 2748 turult
755 2702 865 2756 arcillos,

350 2779 501 2840 Domumque
512 2787 535 2824 et
548 2792 617 2840 egros
627 2777 712 2839 implet
724 2775 844 2838 equitibus
854 2776 941 2822 varnis.

166 2935 233 2985 vis.
256 2950 297 2984 ιι.
315 2936 400 2998 Inter,
419 2946 462 2994 al..

165 3027 236 3080 Nor.
260 3044 302 3080 ιι.
326 3029 467 3092 Vehemens,
479 3046 553 3093 acer,
566 3031 659 3080 salibus
669 3032 737 3080 intra
749 3030 872 3094 pomoeria
883 3029 958 3087 natis,
972 3027 1019 3098 qui
1030 3026 1086 3082 Cic.
1100 3027 1135 3082 ad
1146 3030 1207 3083 Div.

132 3109 190 3172 ΙΙΙ,
203 3110 250 3172 15,
260 3113 352 3161 miani
364 3113 429 3162 sales
445 3123 472 3164 et
485 3111 565 3164 nobis
578 3115 733 3164 Srltdterwitz
749 3111 892 3174 dicuntur,
911 3109 1029 3176 lacetlae,
1045 3114 1139 3184 quales
1151 3132 1208 3167 esse

133 3194 217 3245 solent
223 3193 367 3246 hominnm
377 3194 404 3246 in
414 3195 482 3248 urbe
490 3195 638 3248 liberaliter
643 3194 830 3249 educatorum.
838 3204 847 3229 ¹
855 3225 887 3241 -
894 3197 1041 3245 Pomoerinm
1052 3195 1081 3250 h.
1092 3197 1145 3250 loc.
1157 3216 1209 3268 pro

133 3275 191 3346 ipsa
201 3277 293 3340 Urbe,
303 3277 348 3329 vel
357 3295 435 3329 muro
445 3277 563 3350 positum
577 3278 704 3350 :propria
713 3277 790 3334 verbi
800 3276 841 3332 via
854 3289 918 3329 nota
928 3295 960 3328 ex
973 3277 1030 3332 Liv.
1042 3279 1070 3343 Ι,
1079 3283 1126 3344 Ιάς
1136 3279 1208 3333 Gett.

135 3357 220 3422 xm,
231 3366 275 3423 14,
293 3369 322 3412 et
334 3361 415 3413 Vara.
427 3363 456 3414 L.
470 3365 500 3416 L.
515 3363 566 3424 IV,
581 3363 624 3414 32.
1147 3361 1155 3372 ⁸

172 3456 240 3508 Nor·
262 3457 302 3510 13.
322 3459 389 3507 Silva
407 3477 500 3518 ccmoe,
521 3475 675 3522 comarum,
695 3470 726 3511 ut
747 3457 819 3510 Gall.
840 3478 888 3509 rane
901 3458 974 3525 son‘t
990 3460 1022 3508 dc
1044 3457 1169 3520 cheverrae,
1185 3469 1213 3509 et

134 3539 226 3592 Germ.
238 3543 279 3590 ein
295 3544 374 3594 Wald
384 3560 437 3591 oon
453 3543 570 3606 llaarea,
584 3543 696 3610 lasciige
707 3547 805 3602 llam,
819 3545 872 3594 hoc
889 3554 944 3603 cst,
959 3541 1045 3595 crinea
1063 3540 1210 3614 incompti,

134 3621 216 3693 crispi
236 3635 263 3674 et
284 3623 422 3694 perplexi;
444 3626 541 3678 αὑιλίοι
558 3623 669 3685 eterna,
689 3621 763 3696 apud
782 3624 899 3678 Theocr.
914 3623 992 3688 XIV,
1012 3630 1037 3687 4.
1054 3655 1089 3664 -
1107 3627 1212 3678 Hom'da

132 3707 197 3756 silves
210 3725 301 3769 comoe,
313 3705 402 3760 crines
415 3707 511 3760 crecti:
523 3726 586 3760 nam
598 3707 698 3759 horrere
711 3719 738 3760 et
751 3707 853 3778 ppiaosrs
868 3707 978 3780 proprie
995 3705 1138 3773 dicuntur,
1152 3727 1212 3780 quc

565 3890 796 3911 mmmm

172 4027 182 4051 ¹
201 4020 274 4070 cant.
288 4022 395 4086 Quintil.
409 4025 459 4083 vt,
470 4021 525 4086 3,§
542 4038 586 4084 17,
596 4033 620 4073 st
632 4027 777 4074 roa-105.
794 4025 891 4074 Ernesti
899 4025 960 4074 clav.
967 4025 1017 4076 cic.
1027 4025 1078 4074 vid.
1087 4025 1213 4074 amanites

135 4115 163 4152 ct
174 4105 296 4154 urbanus.
1031 4115 1035 4124 '
