3074 4990
111 462 1151 498 mmm-mmmmm

261 641 604 800 sursus
643 685 1006 808 unctus.

553 957 719 972 m

100 1111 285 1230 Ouuisus
305 1159 341 1226 in
358 1157 470 1245 terris,
485 1183 561 1252 quae
578 1171 691 1226 sunta
707 1159 859 1231 Gadibus
871 1187 978 1262 usque

100 1271 264 1337 Auroram
280 1283 315 1337 et
330 1270 496 1362 Gangen,
515 1265 616 1362 pauci
635 1267 832 1364 dignoscere
848 1291 989 1367 possunt

99 1379 183 1448 Vera
197 1377 304 1464 bona,
323 1392 423 1472 atque
439 1375 502 1446 illis
519 1375 663 1445 multum
678 1377 826 1466 diversa,
845 1397 972 1454 remota

101 1489 230 1557 Eri-oris
249 1485 374 1557 nebula
393 1513 401 1555 ε
422 1486 502 1580 quid
522 1487 614 1554 enim
635 1487 765 1555 ratione
786 1489 960 1582 timemus,

102 1600 167 1668 Aut
180 1597 356 1694 cupimus?
368 1597 450 1692 quid
465 1611 533 1665 tam
548 1596 664 1665 dextro
679 1595 764 1691 pede
780 1601 946 1695 concipis,
962 1619 1001 1672 ut
1015 1619 1046 1673 te
1158 1621 1172 1674 5

102 1711 245 1778 Conatus
261 1733 333 1776 non
352 1706 530 1804 poeniteat,
550 1706 688 1801 votique
706 1707 853 1802 peracti?

102 1823 257 1888 Evertere
274 1818 393 1887 domos
408 1831 496 1884 totas
515 1817 710 1910 optantibus
727 1817 808 1911 ipsis

103 1929 146 1996 Di
162 1925 289 1997 faciles!
309 1928 466 1996 nocitura
481 1940 577 2022 toga,
594 1928 751 1996 nocitura
767 1943 928 2023 petuntur

104 2037 246 2107 Militia:
265 2053 400 2106 torrens
416 2035 550 2106 dicendi
568 2037 666 2131 copia
684 2035 798 2106 multis

102 2153 145 2218 Et
160 2173 219 2217 sua
232 2146 409 2217 mortifera
425 2161 475 2215 est
491 2145 673 2215 facundia:
691 2147 819 2216 viribus
835 2144 889 2216 ille

101 2259 255 2330 Confisus
274 2259 379 2353 periit
396 2256 666 2350 admirandisque
684 2254 826 2326 lacertis.

146 2367 213 2438 Sed
232 2365 346 2464 plures
366 2365 473 2434 nimia
491 2380 651 2460 congesta
668 2365 814 2458 pecunia
831 2389 912 2434 cura

104 2474 310 2572 strangulat,
327 2490 361 2544 et
378 2490 500 2545 cuncta
513 2498 716 2570 exsuperans
730 2475 934 2569 patrimonia
950 2501 1083 2568 census,

104 2589 240 2677 Quanto
252 2585 423 2681 delphinis
434 2584 563 2655 balaena
576 2584 771 2654 Britannica
785 2585 904 2678 major.

378 2773 492 2812 aarum
510 2773 629 2811 unctu
647 2771 906 2811 munusculo.

144 2907 168 2941 r.
190 2889 227 2942 lu
242 2883 378 2942 omnibus
391 2893 534 2940 terranem
549 2879 733 2957 regionibus,
747 2902 811 2959 quae
824 2893 925 2958 patent
937 2885 975 2942 ab
988 2885 1138 2946 occidente
1148 2901 1177 2948 et

102 2980 250 3048 Gadibus,
265 2995 359 3052 usque
371 2975 410 3034 ad
422 2975 564 3034 orientem
578 2986 608 3032 et
623 2975 752 3051 Gangem
760 3017 769 3046 ,
785 2994 894 3050 paucos
910 2978 1039 3053 reperire
1052 2993 1109 3052 est,
1126 2983 1178 3058 qni

101 3083 178 3130 recte
194 3083 284 3146 atque
300 3069 381 3126 omni
400 3068 507 3126 nebula
525 3065 634 3125 erroris
649 3079 760 3125 semota
779 3067 939 3142 dijudicare
959 3072 1090 3142 valeant,
1112 3085 1176 3150 qnae

99 3167 159 3223 siut
174 3166 268 3235 bona,
284 3183 349 3238 quae
364 3163 440 3219 mala
454 3161 539 3218 valde
553 3161 639 3218 bonis
659 3161 799 3237 opposita.
818 3161 931 3232 Quibus
948 3164 1072 3222 enimin
1088 3167 1177 3224 rebus

101 3257 246 3334 optandis,
257 3267 308 3313 aut
317 3255 490 3326 metuendis,
505 3254 646 3311 rationem
658 3253 807 3329 sequimur
819 3253 940 3312 ducem?
952 3255 1025 3326 Quis
1035 3267 1094 3314 tam
1106 3279 1176 3316 con·

101 3351 242 3421 sidente,
256 3361 315 3406 tam
328 3348 476 3423 auspicato
490 3347 611 3405 molitur
626 3346 777 3422 quidpiam
790 3359 819 3404 et
832 3347 965 3423 suscipit,
980 3361 1014 3406 ut
1025 3371 1091 3408 eum
1105 3371 1177 3410 con-

100 3443 163 3500 silii
180 3454 209 3499 et
221 3443 261 3500 rei
274 3443 314 3499 ad
329 3441 440 3498 exitum
455 3441 602 3516 perductae
617 3459 679 3496 non
694 3439 816 3516 pigeat?
836 3439 896 3514 Ipsi
915 3441 1034 3515 Superi,
1053 3443 1176 3500 nimium

99 3534 268 3592 homiuibus
279 3531 447 3609 petentibus
461 3533 660 3609 indulgentes,
676 3531 783 3588 dedere
798 3547 923 3602 caussas,
937 3552 990 3590 cur
1005 3534 1125 3608 integrae
1134 3537 1179 3592 sa-

100 3627 189 3684 miliae
199 3626 448 3684 exscinderentur.
458 3627 600 3700 Optamus
611 3635 673 3680 tum
681 3623 711 3679 in
719 3641 798 3698 pace,
808 3635 870 3680 tum
879 3625 911 3680 in
921 3625 1009 3697 bello,
1018 3645 1082 3701 quae
1092 3630 1179 3686 nobis

99 3720 222 3777 exitium
230 3718 449 3794 perniciemque
460 3717 646 3776 consciscant.
660 3716 782 3774 Plurimi
793 3716 834 3773 ob
847 3718 1042 3792 eloquentiam
1053 3723 1176 3796 periere,

99 3825 130 3870 et
149 3813 192 3868 ob
206 3822 369 3869 torrentem
385 3810 502 3868 dicendi
515 3809 643 3885 copiam;
659 3809 809 3880 nonnulli,
827 3811 909 3885 quod
924 3813 1028 3870 robori
1040 3833 1094 3874 suo
1109 3819 1179 3875 bra-

99 3907 233 3981 chiisque
248 3905 356 3962 mirum
368 3905 402 3962 iu
413 3903 535 3960 modum
548 3903 651 3960 validis
661 3903 783 3960 nimium
799 3902 988 3963 confiderent.

10 4075 11 4080 η
144 4017 194 4055 ra.
214 3999 273 4057 Sed
287 3998 381 4055 multo
396 3998 494 4072 plures
509 3995 622 4071 perdit,
640 4008 670 4053 et
688 3997 721 4053 in
743 4015 840 4054 caussa
860 4009 903 4055 est
922 4019 975 4057 cur
994 4001 1180 4079 jugulantur,

10 4095 11 4110 ¹
100 4111 195 4168 opum
211 4091 461 4170 commulatum
479 4089 578 4146 insana
595 4089 672 4160 sitis,
694 4099 725 4148 et
743 4087 851 4146 divitiae
867 4101 948 4149 tanto
968 4095 1070 4152 ceteris
1090 4098 1181 4172 patri-

101 4185 211 4242 moniis
223 4187 392 4261 ampliores,
409 4194 519 4260 quanto
535 4183 643 4240 balaena
656 4181 746 4239 maris
758 4181 917 4242 Britannici
930 4185 1074 4261 delphinis
1085 4186 1180 4258 major

1010 4281 1043 4352 d.
