3030 4984
349 383 412 446 ,οε
647 380 690 444 n.
714 379 851 445 tnnn
871 379 1147 464 Juvnnntrs

345 498 390 564 Et
405 493 501 564 cadat
513 507 592 562 ante
607 489 690 562 lares
704 491 853 579 Gallitae,
871 497 1006 566 victima
1020 495 1090 568 sola

345 605 460 674 Tantis
472 602 575 697 digna
588 603 673 688 deis,
689 616 723 671 et
736 605 962 698 captatoribus
975 605 1109 678 borum.

345 715 438 786 Alter
449 715 556 799 enirn,
571 715 598 782 si
610 711 772 783 concedas
784 716 1093 800 mactare,vovebit
1356 731 1403 786 115

343 829 397 896 De
414 850 512 920 grege
529 848 701 892 servorum
720 848 843 918 magna
858 837 916 892 aut
933 822 1160 917 pulcherrima
1176 849 1317 922 queque

345 939 513 1029 Corpora3
533 933 584 1003 vel
604 935 717 1027 pueris
732 947 765 1002 et
783 932 952 1002 frontibus
967 934 1162 1004 ancillarum

344 1053 500 1141 Imponat
510 1047 627 1130 vittas3
643 1058 693 1128 et,
708 1045 733 1113 si
747 1067 815 1137 qua
828 1057 879 1113 est
891 1043 1013 1113 nubilis
1026 1042 1074 1113 illi

343 1157 520 1252 Iphigenia
533 1155 642 1239 domi,
660 1153 753 1222 dabit
770 1153 858 1223 hanc
877 1152 1054 1242 altaribus,
1070 1154 1131 1224 etsi

344 1271 424 1340 Non
436 1280 546 1362 sperat
558 1264 692 1359 tragicae
706 1263 829 1333 furtiva
843 1261 974 1358 piacula
987 1288 1105 1334 cervae.

343 1377 463 1447 Laudo
477 1400 588 1444 meum
605 1374 733 1462 civem,
748 1397 810 1442 nec
825 1397 985 1466 comparo
1000 1384 1195 1442 testamento

344 1487 437 1557 Mille
453 1500 537 1556 rates
556 1511 564 1554 ε
579 1509 658 1554 nam
673 1485 699 1553 si
713 1483 894 1552 Libitinam
908 1483 1050 1552 evaserit
1061 1507 1165 1579 aeger,

344 1597 474 1668 Delebit
486 1593 631 1683 tabulas,
647 1593 794 1664 inclusus
810 1619 943 1665 carcere
957 1619 1077 1681 nassae,

343 1711 423 1778 Post
439 1708 596 1776 meritum
611 1729 690 1776 sanc
708 1705 916 1790 mirandum,
930 1721 1031 1800 atque
1048 1707 1161 1774 omnia
1178 1701 1240 1775 soii

342 1823 467 1890 Forsan
480 1819 625 1890 Pacuvio
639 1817 788 1886 breviter
803 1817 917 1886 dabit:
935 1814 990 1886 ille
1008 1818 1169 1911 superbus
1355 1831 1401 1884 125

342 1930 480 1999 Incedet
493 1929 591 1998 victis
605 1924 762 1995 rivalibus
777 1952 786 1993 :
801 1949 881 2020 ergo
897 1927 1007 2013 vides,
1024 1953 1140 2022 quarn,

343 2039 481 2108 Grande
496 2062 608 2131 operae
624 2037 769 2128 pretium
783 2035 884 2106 faciat
895 2038 1049 2134 jugulata
1065 2038 1227 2134 Mycenis.

341 2289 432 2345 salute
449 2290 536 2343 unius
556 2283 731 2341 mulierculae
751 2283 863 2342 Gallitae
876 2283 984 2343 oiievre
1000 2284 1056 2342 diis
1073 2282 1161 2361 ipsias
1180 2282 1343 2360 penatibus,
1354 2281 1401 2338 di-

341 2399 410 2458 gnas
425 2379 519 2437 solnm
534 2377 701 2434 numinibus
716 2377 863 2448 victimas,
889 2377 990 2454 dignas
1006 2396 1107 2435 eornm
1122 2378 1223 2434 astutis
1237 2375 1402 2432 cultoribus.

342 2475 422 2546 Quin
435 2473 520 2532 etiam
533 2471 591 2530 erit
602 2491 636 2529 ex
648 2471 683 2528 iis
693 2471 903 2547 captatoribus,
923 2472 992 2546 qni,
1008 2473 1034 2530 ai
1048 2472 1204 2531 deturbare
1218 2471 1272 2546 ipsi
1291 2470 1404 2528 iacnitat

340 2580 369 2627 et
384 2567 485 2638 venia,
504 2565 615 2641 superis
631 2564 750 2622 vovebit
765 2563 933 2622 lectissimos
950 2583 966 2622 e
983 2565 1041 2642 anis
1056 2565 1177 2634 famulis,
1198 2566 1250 2641 qni
1265 2565 1405 2641 mancipia

341 2672 371 2719 et
393 2659 509 2716 ancillas
526 2656 606 2712 vittis
626 2675 658 2712 ac
681 2653 822 2725 taeniolis,
843 2653 934 2712 instar
952 2655 1154 2728 victimarum,
1177 2656 1331 2714 adornatas
1353 2658 1405 2716 aris

340 2749 528 2809 admovebit:
552 2748 641 2804 immo
659 2747 745 2804 etiam
765 2765 845 2803 anam
864 2747 952 2822 ipsius
971 2747 1077 2818 tiliam,
1099 2750 1227 2824 siquam
1250 2747 1333 2806 domi
1349 2752 1405 2829 jam

340 2845 407 2902 viro
430 2852 571 2898 maturam
590 2840 709 2910 babeat,
735 2839 816 2896 velut
835 2839 952 2896 alteram
974 2841 1166 2918 Iphigeniam,
1186 2840 1238 2898 etsi
1258 2858 1319 2897 non
1342 2860 1405 2918 spe-

341 2947 386 2994 ret
410 2953 523 2992 cervam
542 2934 666 3008 aliquam
683 2949 739 3007 pro
758 2930 817 2988 filia
839 2950 888 2988 sna
908 2931 1008 2988 furtim
1026 2943 1057 2989 et
1074 2932 1183 3009 tragico
1198 2931 1278 2990 nodo
1297 2951 1406 3009 suppo·

341 3029 428 3084 situm
443 3026 489 3083 iri.
509 3027 571 3101 Ego
587 3043 659 3081 vero
676 3023 832 3080 Pacuvium
849 3041 909 3080 esse
926 3025 1021 3081 virum
1038 3025 1185 3101 egregium
1203 3035 1232 3082 et
1249 3025 1404 3100 sapientem

339 3119 439 3192 judico
462 3140 469 3173 :
488 3136 581 3190 neque
609 3115 831 3191 comparandam
854 3127 927 3191 puto
956 3119 1125 3173 Graecornm
1150 3117 1265 3174 classem
1294 3127 1404 3189 totam,

342 3229 428 3286 quam
448 3207 622 3265 immolanda
635 3206 693 3264 filia
710 3208 879 3266 servandam
895 3212 1093 3286 Agamemnon
1107 3209 1216 3280 voluit,
1236 3219 1405 3268 testamento
1500 3245 1501 3254 κ

343 3313 372 3358 et
389 3298 557 3368 hereditati,
580 3317 666 3373 qnam
687 3299 827 3356 Pacuvius
843 3319 891 3357 sua
909 3302 1017 3377 pariter
1032 3299 1091 3359 filia
1104 3300 1287 3360 sacrificanda
1302 3313 1405 3380 captat

343 3394 415 3451 Nam
434 3391 459 3448 si
476 3398 599 3467 egrotus
613 3389 662 3446 ille
678 3389 759 3446 dives
777 3401 901 3448 mortem
918 3392 1055 3462 evaserit,
1079 3404 1277 3452 testamentum
1291 3407 1406 3452 vetnsa

342 3485 496 3542 setectum
516 3480 636 3552 delebit,
656 3491 692 3537 nt
710 3499 820 3538 novum
837 3481 985 3558 conficiat,
1005 3505 1064 3561 quo
1081 3487 1250 3557 Pacuvium,
1270 3497 1403 3564 tanquam

341 3579 450 3654 optime
466 3575 502 3633 de
519 3593 550 3632 ae
568 3573 718 3644 meritum,
736 3573 814 3631 forte
826 3594 886 3632 uno
905 3578 998 3634 verbo
1018 3579 1110 3634 solnm
1131 3579 1266 3637 heredem
1285 3581 1406 3652 scribet,

340 3672 481 3728 inescatus
506 3667 557 3724 illo
580 3666 716 3725 videlicet
736 3665 891 3740 sacrificio,
919 3680 949 3727 et
967 3670 1057 3728 veluti
1075 3671 1160 3745 piscis
1183 3671 1215 3728 in
1233 3691 1348 3730 masam
1365 3675 1405 3728 in·
1499 3669 1500 3680 ¹

341 3763 454 3819 ductus.
476 3759 613 3816 Pacuvius
631 3759 791 3817 hereditate
811 3759 888 3818 lanta
910 3760 1033 3819 donatus
1049 3763 1167 3838 plaudet
1188 3763 1257 3834 sihi,
1276 3773 1305 3820 et
1323 3765 1404 3822 ince-

341 3857 391 3913 det
412 3855 574 3930 superbus,
599 3873 632 3911 nc
655 3873 721 3912 suos
743 3853 881 3926 aemulos,
905 3867 1057 3914 moerentes
1078 3856 1228 3932 victosque
1248 3857 1402 3914 deridebit.

341 3952 441 4006 Jamne
457 3945 610 4022 intelligis,
627 3958 765 4022 quantum
778 3947 852 4004 lucri
869 3945 971 4005 iecerit
987 3947 1036 4006 ille
1055 3961 1198 4025 captator,
1214 3969 1304 4026 quum
1323 3969 1404 4007 snam

341 4037 519 4115 Iphigeniam
537 4055 592 4110 pro
607 4037 697 4095 divite
709 4039 783 4099 orbo
801 4049 927 4100 mactare
939 4058 1000 4100 non
1013 4039 1170 4116 dubitavit,
1187 4051 1221 4101 nt
1238 4061 1290 4102 rex
1303 4043 1404 4121 Myce-

339 4151 443 4192 narum
463 4130 682 4212 Agatnemnon?
1294 4127 1296 4131 ⁷
