3036 4984
320 427 364 511 94
478 422 647 489 VARIAE
669 423 958 490 LECTIONES
981 423 1043 488 ΕΤ
1065 425 1096 489 N
1104 423 1216 488 OTAE

355 535 426 588 Nor.
446 551 489 603 99.
508 539 582 604 Hujus
593 535 693 608 Sejnui,
705 537 748 602 qui
755 539 864 587 cmiimr
872 536 1021 602 nneo;rid.
1033 536 1068 590 nd
1082 554 1119 590 ιι.
1131 539 1382 594 66.-Pmrermm,

321 635 438 670 ιιιιιιιιιοι
449 618 564 670 honores
580 631 606 672 el
622 621 806 690 magistratus,
822 621 867 692 qui
886 639 946 674 cum
960 621 1076 674 mnximo
1089 621 1210 692 periculo
1226 619 1312 671 nolent
1326 635 1382 670 eree

320 704 465 776 conjuncti.
481 703 551 757 vide
564 704 600 758 ud
611 704 638 770 Ι,
655 707 698 777 78,
714 718 740 758 et
755 706 859 758 Femur.
872 708 902 758 ll.
916 708 950 756 V.
962 709 1006 772 11,
1023 707 1110 776 ].qui
1123 717 1229 770 monet,
1242 704 1381 776 prefertur

319 787 445 860 pretorio
460 787 488 838 in
499 801 627 859 pretextu
638 789 733 854 fuisse,
746 790 808 842 lieet
819 791 863 860 jun
877 789 947 842 cirri
960 809 1013 842 non
1026 789 1178 842 habuerint.

355 886 423 937 Nor.
445 902 503 936 roo.
524 887 673 936 Fidenarum
691 886 884 950 Gaiumque,
898 883 1031 936 minorum
1044 883 1206 956 oppidorum
1223 877 1382 951 municipio·

319 987 432 1040 rumque
450 967 528 1022 Lorii.
541 967 612 1022 Vide
630 967 663 1020 nd
677 971 734 1035 Vl,
751 969 797 1033 56,
810 969 853 1038 57,
863 980 889 1020 et
903 969 972 1020 noui.
988 969 1082 1020 Hom.
1097 967 1181 1039 Epiri.
1199 967 1229 1031 Ι,
1244 983 1311 1034 ιι,7
1325 981 1383 1032 req.

320 1057 446 1116 Potestas,
458 1053 628 1123 magistratus
641 1055 690 1119 (ut
704 1050 777 1124 apud
795 1052 852 1106 Cic.
863 1053 944 1104 Ture.
956 1054 986 1116 1,
1001 1053 1049 1115 303
1063 1052 1135 1104 Suet.
1147 1052 1213 1104 Ces.
1232 1067 1289 1120 cop.
1305 1065 1346 1117 17,
1357 1057 1387 1098 et

320 1133 416 1188 Claud.
438 1137 469 1190 23
480 1137 498 1203 ).
516 1163 552 1177 -·-
572 1141 645 1199 Erre,
666 1135 719 1188 hoe
736 1148 789 1198 ert,
806 1136 955 1188 honoribus
972 1135 1061 1206 iungi,
1084 1135 1131 1207 qni
1148 1135 1263 1188 minores
1275 1131 1386 1206 quiden

320 1230 397 1284 eunt,
410 1217 458 1272 ned
468 1218 555 1271 securi
567 1231 594 1271 et
607 1236 624 1271 ι
641 1235 740 1289 magno
757 1219 879 1290 periculo
894 1221 954 1272 tuti.

357 1376 423 1423 Vm.
445 1391 500 1424 ror.
518 1376 646 1438 unsaris,
662 1392 701 1426 rr.
711 1404 746 1415 —
757 1376 799 1425 Uir
809 1391 856 1441 pro
867 1377 904 1425 ius
915 1375 994 1442 (jur),
1006 1391 1045 1435 ro,
1060 1377 1100 1436 ι’5,
1113 1377 1153 1435 1⁸,
1167 1391 1207 1438 19,
1217 1389 1258 1434 η,
1268 1373 1386 1435 ια’-49,

321 1458 438 1517 54-60,
454 1459 487 1508 65
495 1493 503 1518 ,
517 1459 581 1506 facili
599 1475 688 1508 errore.

355 1556 421 1604 Vn.
442 1571 497 1605 ron.
519 1556 670 1621 Venerisque,
688 1573 727 1616 ιι,
745 1574 784 1618 17,
805 1559 850 1617 re,
869 1573 914 1617 no,
929 1572 981 1605 non
993 1556 1100 1621 improb.
1112 1552 1295 1604 Solrurrileirnh.
1308 1548 1387 1598 modo

317 1637 433 1702 pannosis
444 1650 586 1702 reponetur.

355 1733 423 1784 Nor.
446 1749 505 1796 ror,
520 1750 578 1786 ror.
599 1736 694 1785 AEdr'les
704 1734 912 1805 municipiorum
923 1745 949 1786 et
960 1733 1126 1786 coloniarum
1135 1769 1143 1794 ‚
1153 1727 1227 1801 quod
1238 1728 1280 1780 rel
1290 1745 1323 1780 ex
1331 1726 1388 1778 hoc

321 1818 382 1868 loco
394 1817 536 1887 probabile
550 1817 595 1881 lit,
609 1819 708 1870 similes
722 1818 857 1871 AEdilibus
871 1819 955 1889 plebis
974 1821 1155 1871 llnmnnornm
1171 1827 1197 1868 et
1210 1813 1294 1867 infimi
1308 1825 1388 1864 erunt

321 1899 492 1970 magistratus
501 1903 511 1968 (
520 1901 593 1953 noni.
609 1901 666 1967 111,
682 1905 822 1973 162),qui
840 1916 867 1954 et
884 1914 1014 1972 preerunt
1025 1904 1143 1952 mensuris
1157 1919 1188 1952 nc
1206 1897 1387 1971 ponderibus,

321 2001 392 2055 qun,
405 1983 426 2035 ri
439 1985 543 2044 minem,
558 1983 651 2055 iniqua
663 1995 763 2046 nerent,
775 1985 1065 2052 nhiiesmngebunmr.¹
1077 1983 1116 2037 Ad
1129 1985 1287 2054 dignitatem
1299 2001 1348 2053 per
1359 1999 1388 2032 se

321 2085 432 2138 pervum
442 2083 523 2137 quum
533 2064 647 2118 maxime
656 2063 827 2118 minuendum
838 2066 907 2118 valet
917 2064 1036 2119 delectur
1045 2064 1183 2137 oppiduli,
1196 2063 1268 2136 quod
1276 2082 1385 2114 nocuum

322 2148 427 2212 incolis,
438 2167 485 2201 eeu
497 2149 566 2201 mele
574 2148 724 2200 habitatum
736 2151 746 2217 (
752 2167 806 2200 non
818 2149 896 2221 plene
906 2147 1054 2210 desertum,
1068 2167 1128 2200 num
1137 2147 1252 2200 AEdilem
1262 2145 1358 2198 lrnbuit
1365 2148 1387 2213 ),

322 2244 349 2284 et
361 2233 438 2302 eujus
451 2229 548 2284 AEdilie
561 2231 626 2282 hino
638 2248 762 2297 pannosus
776 2241 831 2294 eet,
852 2231 904 2284 lroe
919 2243 970 2294 ert,
990 2232 1086 2302 pennis
1097 2229 1261 2284 vestitum-
1278 2232 1386 2286 vinnm,

322 2329 401 2368 tenue
413 2313 544 2385 oppidum
554 2314 624 2367 Latii
635 2315 677 2367 rel
687 2315 840 2386 Campania
850 2316 878 2366 in
895 2332 960 2385 agro
971 2314 1100 2378 Pontion,
1114 2315 1190 2384 juxto
1209 2311 1326 2384 peluder.
1343 2310 1387 2362 cf.

324 2400 418 2452 Horat.
430 2398 511 2468 Epist.
526 2400 552 2462 Ι,
564 2417 602 2464 ιι,
615 2397 658 2451 3ο.
670 2427 707 2440 -
721 2400 823 2462 Vneris,
833 2396 896 2452 ride
909 2397 943 2450 ed
959 2399 1016 2464 111,
1030 2417 1053 2450 a.

359 2493 429 2546 Nor.
451 2491 509 2544 103.
529 2492 570 2544 Ex
595 2493 637 2545 lrir
659 2491 827 2563 intelligitur,
851 2494 993 2564 sejanum,
1021 2510 1094 2563 reque
1120 2509 1151 2542 uo
1172 2489 1313 2542 maximnm
1338 2488 1389 2540 ho-

323 2577 426 2631 minum
444 2589 546 2647 portem
567 2579 624 2645 (rr.
645 2595 659 2627 ι
676 2595 732 2648 req.
744 2579 774 2647 ),
799 2577 948 2646 ignorasse,
967 2593 1026 2647 qun
1037 2593 1101 2628 vera
1121 2575 1175 2626 rint
1193 2572 1265 2625 bona
1282 2585 1309 2624 et
1324 2572 1390 2624 hinc

322 2661 483 2732 exoptanda.

358 2759 426 2810 Nor.
449 2756 595 2826 ros-107.
609 2756 720 2828 Sejenm
729 2754 765 2807 ed
777 2753 920 2806 olrimimor
934 2751 1114 2807 adscendebat
1124 2753 1235 2805 honoris
1244 2749 1353 2822 gradus,
1364 2763 1393 2804 et

323 2843 360 2894 im
377 2840 527 2913 graviorem
542 2841 591 2893 sibi
606 2859 697 2892 earnm
717 2841 875 2912 ruinamque
891 2841 1020 2912 perabat,
1038 2839 1131 2891 similis
1143 2839 1183 2904 ei,
1200 2839 1258 2910 qui,
1275 2835 1391 2890 modicis

323 2923 426 2978 aedibur
435 2943 489 2977 non
500 2936 654 2986 contentus,
665 2924 759 2976 turrim
769 2925 912 2976 multorum
925 2924 1104 2977 tabulatorum
1114 2923 1238 2986 exstruit,
1248 2925 1394 2974 ondealriur

323 3024 441 3064 erremus
454 3013 595 3061 crimmum
604 3027 724 3077 pmepr,
739 3008 930 3081 precipitium,
943 3012 1021 3060 ruinoe
1030 3009 1040 3074 (
1049 3007 1103 3060 dut.
1114 3011 1124 3078 )
1135 3008 1169 3061 nd
1189 3025 1278 3061 cusum
1292 3018 1318 3059 et
1330 3007 1392 3059 vio·

324 3092 409 3145 lenter
425 3095 549 3158 impulse,
564 3093 617 3146 lroc
635 3104 688 3156 ert,
702 3091 775 3144 unde
795 3093 944 3163 superiores
959 3093 1039 3146 rnrrin
1059 3105 1147 3164 parles
1165 3110 1261 3162 magun
1281 3109 1340 3143 cum
1363 3089 1393 3142 vi

324 3191 402 3225 ruere
412 3174 454 3225 vel
466 3172 589 3226 decidere
600 3173 712 3244 poroint.
723 3173 802 3228 Cous.
822 3177 915 3227 floret.
928 3174 980 3229 0d.
997 3175 1040 3238 11,
1054 3192 1103 3238 ιο,
1115 3193 1130 3241 9
1143 3193 1197 3246 neq.
1207 3170 1349 3226 Clondinn.
1361 3172 1392 3224 in

325 3255 415 3308 Rniiu.
427 3255 456 3320 l,
470 3273 500 3307 ιι
520 3273 575 3327 req.
593 3256 640 3308 ubi
653 3258 751 3328 llornig
766 3259 931 3329 compererit
943 3259 1022 3312 verbu
1034 3259 1145 3312 Lucinni
1156 3259 1166 3326 (
1177 3256 1324 3326 contempl.
1344 3261 1394 3321 ιι,

324 3357 385 3411 pug.
397 3339 456 3402 510,
468 3351 531 3391 rom.
542 3339 571 3401 1,
581 3336 646 3392 edit.
658 3340 761 3410 Rem.)
772 3343 795 3393 ἐν
806 3343 908 3413 τοσούτῳ
920 3338 947 3393 ‹li
960 3341 1105 3412 ι’παίρισθιν,
1118 3340 1184 3400 nen
1194 3339 1236 3408 ἀφ’
1247 3337 1392 3406 ὑψηλοτέρα»

325 3422 486 3495 diluendi-epm
501 3424 712 3493 καταπεσούμενοι.

361 3521 429 3574 Nor.
452 3519 501 3573 108
514 3539 568 3592 req.
588 3520 667 3573 Coni.
683 3519 718 3573 nd
727 3539 766 3575 re.
781 3523 812 3576 56
823 3541 877 3594 req.
888 3535 915 3575 el
925 3523 1016 3575 senec.
1028 3521 1113 3593 Epirt.
1125 3526 1167 3590 94.
1180 3522 1288 3582 Crassos,
1298 3517 1337 3570 M.
1347 3517 1393 3571 Li-

326 3601 425 3657 cinium
443 3605 568 3658 Crassum
592 3622 653 3657 cum
672 3605 700 3657 P.
720 3605 815 3658 Croeso
835 3606 893 3658 filio
908 3605 1097 3675 interemptum
1115 3604 1143 3656 in
1161 3603 1233 3656 hello
1250 3600 1392 3666 Pnrllrico,

327 3684 401 3756 quod
412 3688 503 3758 glorie
514 3687 626 3760 rurique
637 3689 756 3742 Parthici
768 3687 915 3760 eupiditate
924 3690 1046 3741 incensus
1054 3700 1181 3741 moverat.
1191 3696 1244 3727 ²-
1251 3687 1390 3752 Pompeios.

747 3859 977 3881 mmm

364 3991 373 4016 ¹
393 3983 460 4032 Vide
470 3985 571 4036 Crnub.
582 3987 613 4036 nd
627 3991 692 4040 Peru.
703 3995 728 4052 1,
742 3994 804 4048 rio,
813 4003 837 4041 et
918 3999 928 4026 ²
947 3993 1010 4041 Vide
1021 3993 1128 4058 Appiani
1144 3993 1276 4044 Historiam
1290 3995 1394 4044 l‘nrlho·

326 4062 482 4114 Wernrdors.
494 4067 562 4116 Puer.
575 4069 651 4116 Luriu.
666 4071 726 4118 min.
737 4081 795 4121 tom.
806 4075 839 4130 V,
881 4087 950 4130 rum,
965 4087 1018 4136 nup.
1033 4075 1151 4132 22-65,
1163 4089 1209 4123 nec
1226 4089 1282 4124 ‘uon
1301 4074 1394 4124 Plutum

328 4157 383 4204 μς.
395 4143 454 4205 609.
882 4151 955 4200 ulrum
966 4152 993 4200 iu
1003 4151 1082 4202 Creoni
1095 4151 1160 4200 Vite.
