3036 4984
356 471 418 550 aas
633 439 1147 529 o.1un111uvanau1s

352 591 434 656 Haec
450 579 532 652 olim
548 579 656 648 nostri
668 577 738 670 jam
754 573 924 642 luxuriosa
938 573 1080 642 Senatus

353 701 459 768 Coena
475 691 549 760 fuit.
566 688 703 772 Curius,
723 708 828 780 parvo
848 667 922 777 quac
939 679 1065 776 legerat
1082 673 1198 766 horto,

352 813 431 902 lpse
448 803 532 872 focis
546 799 703 869 brevibus
719 793 869 890 ponebat
882 789 1049 878 oluscula,
1065 814 1140 884 quae
1156 814 1249 858 nunc
1333 855 1336 863 ,

353 915 532 1012 Squalidus
548 913 583 980 in
599 933 720 1004 magna
736 905 865 974 fastidit
879 901 1043 997 compede
1058 900 1178 987 fossor,
1396 911 1429 963 to
1515 881 1516 892 ¹

351 1028 421 1119 Qui
437 1022 606 1107 meminit,
622 1019 736 1089 calidae
752 1015 858 1109 sapiat
871 1011 954 1107 quid
967 1010 1070 1080 vulva
1084 1011 1230 1105 popinae.

351 1139 438 1209 Sicci
455 1151 548 1228 terga
562 1132 645 1217 suis,
663 1152 738 1198 rara
754 1123 938 1220 pendentia
953 1135 1062 1206 crate,

353 1248 462 1320 Moris
476 1259 548 1314 erat
561 1239 733 1334 quondam
747 1234 839 1304 festis
855 1256 990 1302 servare
1008 1232 1143 1318 diebus,

354 1351 401 1432 Et
416 1355 605 1428 natalitium
625 1348 778 1446 cognatis
795 1369 924 1440 ponere
941 1341 1088 1428 lardum,

355 1467 547 1542 Accedente
564 1487 668 1549 nova,
685 1463 712 1531 si
728 1485 830 1554 quam
848 1457 949 1527 dabat
962 1457 1090 1541 hostia,
1108 1480 1223 1526 carne.
1400 1469 1433 1521 85
1515 1497 1516 1516 t

356 1587 588 1678 Cognatorum
605 1572 744 1667 aliquis,
762 1567 861 1639 titulo
878 1583 931 1637 ter
945 1565 1101 1637 Consulis
1115 1581 1215 1662 atque
1515 1549 1516 1568 l

357 1695 554 1762 Castrorum
572 1681 723 1778 imperiis
739 1695 775 1748 et
789 1677 972 1747 Dictatoris
986 1677 1118 1746 honore

358 1804 524 1884 Functus,
542 1794 583 1864 ad
600 1795 660 1862 has
676 1789 791 1885 epulas
809 1787 907 1858 solito
924 1787 1088 1856 maturius
1105 1786 1188 1874 ibat,

360 1916 522 1982 Erectum
537 1906 668 1977 domito
683 1902 835 1972 referens
849 1926 869 1969 a
884 1911 1001 1968 monte
1016 1897 1175 1992 ligonem.

409 2023 526 2112 Quum
538 2029 725 2088 tremerent
735 2028 847 2083 autem
854 2011 988 2095 Fabios,
1001 2008 1193 2103 durumque
1202 2010 1386 2092 Catonem,
1405 2035 1439 2086 90

360 2137 407 2205 Et
420 2135 579 2215 Scauros,
596 2141 631 2196 et
644 2124 831 2204 Fabricios,
848 2119 1019 2216 rigidique
1033 2143 1168 2188 severos

361 2242 521 2314 Censoris
537 2261 650 2310 mores
667 2235 767 2304 etiam
782 2231 911 2328 collega
927 2231 1075 2317 timeret,

363 2453 466 2512 hiemis
479 2451 590 2530 frigore
600 2461 743 2509 coxerunt
755 2469 788 2506 ac
802 2447 981 2524 mitigarunt.
996 2447 1040 2502 Ita
1052 2445 1204 2502 eoeaabant
1217 2445 1312 2502 nostri
1325 2443 1444 2519 pridem

365 2558 526 2615 senatores,
549 2546 585 2602 iis
602 2546 687 2601 etiam
705 2541 886 2615 temporibus
901 2539 1007 2612 quibus
1023 2559 1039 2594 a
1055 2538 1218 2613 priscorum
1240 2540 1446 2596 Romanorum

366 2639 531 2716 Frugalitate
539 2635 663 2694 deficere
676 2639 830 2706 coeperant.
847 2629 952 2684 Curius
965 2627 1044 2683 aliud
1054 2627 1128 2683 nibil
1141 2628 1288 2699 coenabat,
1303 2649 1394 2705 quam
1403 2631 1448 2686 le-

369 2731 506 2806 gumina,
523 2747 586 2804 qnae
602 2726 634 2782 in
649 2727 738 2780 horto
755 2741 808 2778 suo
827 2719 888 2795 ipse
905 2719 1074 2794 collegerat,
1094 2728 1124 2774 et
1139 2720 1207 2775 exili
1223 2732 1344 2778 coxerat
1357 2720 1448 2777 foco:

371 2841 436 2897 quae
450 2839 528 2878 nunc
541 2826 731 2894 aspernantur
744 2813 829 2870 etiam
843 2809 955 2867 sordidi
968 2809 1058 2896 servi,
1074 2809 1125 2884 qui
1139 2811 1246 2868 catenis
1260 2811 1449 2887 longioribus

372 2913 463 2972 vincti
476 2914 597 2968 humum
610 2907 673 2966 ruri
687 2905 822 2973 fodiunt,
838 2914 868 2960 et
884 2901 935 2977 qui
950 2921 1011 2957 non
1027 2911 1094 2957 sunt
1112 2902 1212 2973 obliti,
1230 2921 1316 2977 quam
1332 2905 1449 2960 bonum

371 3023 503 3081 saporem
517 3003 621 3058 habeat
630 2999 717 3054 vulve
726 2997 784 3054 suis
797 2995 829 3050 in
841 2993 950 3069 popina
962 2992 1086 3050 ferventi
1096 3005 1263 3068 praeparata.
1277 2995 1358 3052 otim
1370 2999 1451 3052 sole-

372 3099 444 3156 bant
459 3095 583 3168 majores
599 3091 693 3148 nostri
708 3105 824 3148 servare
838 3086 876 3142 ad
890 3085 951 3142 dies
965 3085 1053 3141 festos
1068 3085 1245 3142 solemnibus
1264 3087 1357 3162 epulis
1374 3089 1452 3146 cele·

371 3191 499 3249 brandea
514 3189 633 3244 dorsum
647 3183 802 3259 porcinum
813 3179 941 3236 sublime
956 3196 1124 3253 suspensum
1142 3179 1173 3234 in
1188 3190 1266 3236 crate
1280 3180 1398 3256 lignea,
1420 3193 1453 3238 ut

373 3283 576 3348 exsiccaretur3
590 3289 619 3334 et
628 3295 718 3351 quum
726 3275 826 3331 affines
835 3273 883 3330 die
892 3291 945 3329 sno
954 3271 1042 3327 natali
1052 3270 1089 3327 ad
1098 3273 1266 3328 convivium
1276 3273 1454 3346 invitabant,
1515 3291 1516 3374 q

371 3370 638 3451 apponebant-ipsis
650 3367 724 3424 nibil
734 3377 840 3443 praeter
851 3365 983 3435 lardum,
998 3375 1027 3420 et
1036 3365 1147 3440 aliquid
1158 3367 1281 3422 recentis
1299 3370 1417 3441 carnis,
1431 3370 1455 3429 si
1515 3375 1516 3404 ¹

374 3466 494 3544 quidex
511 3465 658 3520 immolata
672 3460 748 3517 sorte
762 3459 857 3515 hostia
870 3468 998 3514 restaret
1019 3458 1067 3515 ad
1082 3458 1225 3532 ejusmodi
1241 3479 1369 3532 emnam,
1386 3475 1456 3520 tan-

373 3579 459 3636 quam
469 3558 507 3615 ad
517 3555 647 3631 opimum
659 3552 840 3620 convivium,
855 3569 930 3606 anus
945 3549 1048 3624 aliquis
1062 3551 1279 3626 apropinquis,
1295 3553 1365 3609 licet
1379 3573 1457 3612 con-

372 3654 467 3710 sulatu
481 3662 525 3707 ter
536 3649 665 3718 functus,
680 3645 748 3701 lieet
763 3642 894 3700 maximis
904 3642 1063 3717 prefuisset
1075 3643 1264 3716 exercitibus,
1276 3659 1306 3703 et
1320 3647 1456 3704 dictatu-

373 3763 435 3801 ram
447 3739 653 3812 ¹honorandam
668 3736 815 3813 gessisset,
836 3733 1011 3808 properabat
1025 3735 1127 3790 boram
1143 3755 1230 3793 eoenae
1240 3738 1356 3794 solitam
1373 3751 1459 3797 ante-

372 3847 502 3906 vertens,
518 3844 548 3890 et
559 3833 702 3908 ligonem,
724 3847 783 3904 quo
802 3837 972 3884 montanum
985 3845 1088 3883 arrum
1104 3829 1306 3903 prosciderat,
1320 3833 1458 3892 humeris

372 3927 539 4004 impositum
555 3935 676 4000 gestans.

413 4040 460 4096 9⁰·
482 4021 556 4077 Sane
571 4017 631 4074 istis
643 4014 836 4088 temporibus,
850 4013 957 4090 quibus
971 4016 1095 4092 quisque
1107 4019 1164 4075 sibi
1174 4023 1337 4092 metuebat,
1351 4043 1392 4080 ne
1411 4043 1462 4080 rc-

372 4112 603 4190 prebenderetur
615 4120 644 4164 et
655 4109 852 4163 multaretura
867 4107 981 4177 Fabiis,
995 4109 1170 4182 Catonibus,
1186 4111 1301 4171 Scauris
1311 4125 1340 4172 et
1352 4115 1463 4171 Fabri-

371 4205 439 4280 ciis3
454 4223 544 4282 qaum
557 4203 618 4278 ipsc
632 4218 762 4259 censura
778 4201 822 4255 sui
833 4200 950 4277 collega
961 4201 1113 4260 severitate
1123 4223 1155 4261 ac
1169 4223 1290 4264 censura
1302 4217 1385 4264 tutus
1399 4227 1463 4266 noa
