3030 4984
71 400 82 473 l
359 453 548 520 struit
569 453 884 522 DUODECIMA.
1094 459 1156 524 203

144 569 249 658 Quum
268 566 388 662 plenus
403 571 507 640 lluctu
525 569 653 638 medius
667 569 754 640 soret
767 569 896 661 alveus,
912 573 1025 667 etjam
1124 589 1157 642 30

100 675 261 748 Alternum
283 682 405 774 puppis
423 679 507 750 latus
525 681 749 750 evertentibus
767 681 866 750 undis

99 789 226 858 Arboris
243 791 398 876 incertae,
416 790 541 860 nullam
559 791 737 885 prudentia
757 793 831 859 cani

99 901 240 969 Rectoris
259 900 428 968 conferret
444 925 560 996 opem,
577 899 728 970 decidere
741 901 835 994 jactu

100 1009 199 1102 Coepit
217 1035 293 1080 cum
310 1012 432 1097 ventis,
448 1013 595 1079 imitatus
610 1025 755 1098 castora,
773 1011 882 1104 quise

100 1119 291 1188 Eunuchum
309 1119 380 1214 ipse
399 1119 496 1207 lacit,
512 1121 652 1214 cupiens
665 1119 806 1188 evadere
820 1117 945 1188 damno
1123 1133 1156 1188 35

101 1229 269 1298 Tectieuli:
290 1231 373 1300 adeo
393 1231 591 1301 medicatum
614 1229 768 1324 intelligit
787 1226 929 1324 inguen!

101 1337 249 1424 Fundite,
266 1365 342 1435 quae
360 1365 435 1410 mea
453 1356 547 1427 sunt,
569 1341 714 1423 dicebat,
732 1356 867 1428 cuncta,
887 1337 1054 1427 Catullus,

102 1446 301 1542 Pracipitare
320 1450 435 1520 volens
453 1451 556 1520 etiarn
575 1449 820 1544 pulcherrima,
840 1465 965 1520 vectem

100 1555 312 1651 Purpuream,
333 1563 454 1656 teneris
472 1586 607 1656 quoque
624 1562 866 1632 Maecenatibus
882 1576 1013 1655 aptam,

99 1668 200 1762 Atque
215 1669 311 1757 alias,
332 1697 475 1766 quarum
493 1673 642 1768 generosi
657 1675 816 1768 graminis
835 1672 945 1769 ipsum
1126 1699 1160 1748 to

100 1779 216 1849 Infecit
233 1797 352 1850 natura
369 1806 489 1878 pecus,
509 1783 567 1852 sed
585 1799 618 1853 et
637 1786 789 1880 egregius
807 1783 883 1854 fons

101 1889 226 1959 Viribus
243 1891 399 1979 occultis,
418 1909 451 1963 et
468 1896 611 1964 Baeticus
627 1895 764 1989 adjuvat
781 1919 850 1966 aer.

102 1995 155 2066 llle
165 2025 224 2070 nec
238 2018 415 2098 argentum
430 2004 604 2075 dubitabat
617 2007 767 2093 mittere,
783 2007 894 2077 lances

101 2109 270 2180 Parthenio
285 2112 408 2200 saetas,
423 2107 517 2184 urnb
532 2131 660 2186 cratera
675 2141 850 2211 capacem,

100 2219 136 2286 Et
151 2220 288 2314 dignum
307 2224 441 2294 sitiente
460 2225 583 2312 Pholo,
604 2225 657 2295 vel
677 2229 819 2322 conjuge
838 2226 936 2294 Fusci
956 2250 964 2292 :
1128 2239 1160 2305 45

135 2438 180 2494 30.
201 2443 294 2508 Quum
307 2451 396 2498 totam
408 2444 556 2501 interioris
566 2446 645 2502 navis
655 2445 735 2520 quasi
747 2446 843 2501 alvum
854 2443 1051 2519 implevissent
1063 2463 1160 2518 aquae,

99 2549 181 2606 quum
190 2532 322 2590 arborem
333 2553 387 2608 qua
398 2539 547 2592 constabat
557 2537 624 2591 ratis
633 2539 690 2592 huo
700 2537 768 2592 illuc
781 2547 888 2592 temere
896 2536 1046 2609 jactatam,
1059 2534 1164 2592 fluetus

99 2623 178 2682 modo
191 2626 222 2682 in
233 2627 320 2699 bane,
334 2630 424 2686 modo
438 2631 467 2685 in
480 2629 558 2684 illam
571 2640 682 2704 partem
696 2628 881 2698 inclinarent,
893 2647 926 2685 ae
938 2647 1031 2704 prope
1042 2627 1163 2685 subver-

101 2725 200 2788 terent,
219 2739 309 2794 quum
319 2720 392 2776 nihil
401 2722 549 2795 prodesset
559 2721 618 2795 jam
633 2722 752 2778 rectoris
764 2722 838 2777 senis
853 2721 1010 2790 industria,
1025 2720 1163 2790 Catullus,

101 2821 163 2868 utse
173 2813 395 2886 praesentissimo
408 2815 497 2871 exitio
512 2815 666 2884 liberaret,
681 2814 758 2870 bona
774 2813 802 2869 in
818 2831 899 2870 mare
911 2811 1081 2889 projiciens,
1097 2831 1163 2869 cum

101 2905 181 2961 renus
197 2905 282 2982 qnasi
295 2907 399 2981 pacisci
414 2908 451 2964 de
462 2906 520 2962 vita
538 2907 638 2982 coepit,
656 2907 782 2962 imitatus
796 2906 836 2962 sie
850 2917 977 2976 castora,
992 2904 1043 2979 qui
1058 2905 1163 2961 volun·

102 2998 164 3056 tario
172 3019 272 3056 monn
283 3019 313 3057 se
323 3001 415 3075 ipsum
425 3012 543 3070 castrat,
555 3012 583 3058 et
595 3002 756 3058 eunuchum
767 2999 879 3071 reddit,
895 3000 1013 3074 cupiens
1025 3000 1163 3071 eradere,

102 3091 140 3146 tel
159 3093 265 3149 damno
289 3091 489 3150 testiculorum
511 3112 647 3164 suorum3
671 3093 744 3151 adeo
767 3092 903 3168 intelligit
925 3091 985 3146 rim
1012 3091 1162 3148 medicinae

103 3181 180 3240 inesse
192 3185 307 3262 inguini
325 3205 392 3254 suo,
412 3187 450 3242 ob
467 3187 546 3262 quod
558 3189 651 3244 solum
661 3205 691 3244 se
703 3187 862 3243 lacessitum
877 3185 971 3242 sentit.
988 3185 1049 3240 Nec
1065 3203 1163 3254 mora,

103 3273 241 3333 inclamans
254 3289 368 3349 nautas3
384 3279 483 3348 «Quid
498 3279 625 3347 cessatis,
636 3279 745 3354 inquit,
759 3297 820 3334 mea
834 3278 928 3334 omniu
940 3277 971 3332 in
984 3291 1164 3352 aequorprae'-

101 3365 245 3441 cipitarela
256 3373 379 3445 Jamque
392 3389 421 3427 se
435 3371 473 3426 ad
486 3370 691 3447 supellectilem
704 3370 886 3428 lautissimam
895 3371 926 3426 in
936 3387 1030 3444 equas
1042 3382 1164 3444 protur-

99 3459 211 3519 bandum
230 3465 411 3540 accingebat,
432 3475 501 3540 puta
525 3483 684 3540 purpureas
699 3475 807 3533 vestes,
828 3479 899 3538 quas
917 3465 1057 3518 Maecenas
1073 3460 1164 3517 etalii

99 3549 255 3611 deliciarum
275 3567 402 3612 amantes
419 3575 479 3614 non
498 3558 670 3632 'respuissent
692 3579 699 3613 :
720 3557 846 3630 itemque
867 3555 934 3610 alias
956 3564 1046 3609 textas
1068 3552 1164 3608 elana

100 3643 192 3702 Baetica
203 3690 211 3716 ‚
224 3649 270 3705 cui
282 3649 367 3705 etiam
378 3650 483 3706 ovibus
494 3651 643 3708 iuberenti
655 3651 774 3707 mtilum
787 3651 914 3706 colorem
925 3645 1031 3702 indidit
1044 3657 1160 3716 natura,

100 3743 126 3788 et
143 3736 247 3797 indoles
266 3741 425 3798 herbarum
444 3742 549 3817 quibus
567 3761 636 3800 oves
654 3743 761 3798 Baeticae
777 3749 947 3816 pascuntur,
971 3755 1086 3794 necnon
1103 3737 1163 3812 ipse

99 3825 198 3887 durius
212 3844 239 3890 et
252 3853 302 3891 aer
316 3834 392 3891 illius
407 3835 548 3911 regionis,
565 3835 623 3891 vim
637 3847 760 3908 uterque
775 3833 907 3892 arcanam
920 3831 1029 3890 habens
1045 3829 1082 3886 ad
1097 3828 1163 3885 infi-

100 3919 207 3980 ciendas
221 3925 276 3983 isto
291 3928 390 3984 colore
407 3929 493 3985 lanas.
515 3929 638 4003 Insuper
653 3931 781 3986 Catullus
797 3938 931 4005 argentea
951 3945 1016 3982 rasa
1035 3923 1066 3980 in
1084 3941 1163 3979 mare
1243 3949 1244 3956 ¹

101 4009 216 4084 dejicere
239 4036 299 4074 non
322 4018 487 4090 dubitabat3
511 4021 620 4094 patinas
642 4041 659 4077 a
678 4020 832 4077 Parthenio
852 4019 1019 4092 fabricatas,
1046 4017 1165 4092 cyathos

100 4119 175 4160 urna
187 4107 246 4164 vini
256 4111 399 4186 capiendae
410 4130 470 4167 non
482 4111 620 4186 impares,
635 4111 739 4190 dignos
751 4111 781 4167 in
793 4112 900 4186 quibus
909 4111 1016 4167 Pholus
1029 4108 1076 4163 vel
1087 4125 1165 4164 uxor

101 4195 180 4255 Fusci
196 4212 326 4277 potaret,
343 4222 409 4262 vasa
423 4204 559 4282 Anglica,
582 4225 651 4283 quas
669 4215 775 4264 vocant
791 4203 963 4276 bascaudas,
985 4203 1080 4258 lances
1099 4199 1166 4278 plu·

838 4325 856 4364 f
